2081 3408
749 232 1013 270 APPENDIX.
1507 233 1523 268 1
1533 234 1577 270 71

237 327 352 363 1324.
385 323 530 361 Bellum
554 323 622 360 fuit
654 322 751 360 inter
780 335 888 373 reges
914 320 1070 358 Francie
1094 329 1129 358 et
1152 321 1288 372 Anglie
1307 334 1377 372 pro
1406 329 1505 359 terra
1538 321 1584 359 de

183 385 387 431 Vasconia,
415 393 451 421 ct
466 393 617 434 captum
631 384 700 421 fuit
719 397 740 421 a
760 397 848 434 rege
868 382 1024 420 Francie
1048 391 1210 419 castrum
1231 383 1278 420 de
1300 383 1335 420 la
1352 383 1473 422 Riole.

235 447 377 484 Eodem
411 459 510 483 anno
546 445 639 482 obiit
679 446 844 494 [Maria]5
871 444 1002 495 regina
1033 445 1202 491 ancie,
1234 453 1270 482 et
1300 445 1380 492 ejus
1400 445 1582 496 parvulus

183 508 294 554 filius,
317 521 391 557 que
412 517 491 544 erat
510 508 609 558 regis
628 507 785 544 Bihanie
812 506 900 543 filia.
924 508 1011 542 Post
1038 519 1150 555 quam
1167 507 1311 557 accepit
1331 520 1398 544 rex
1418 508 1581 545 Karolus

182 570 295 607 filiam
324 569 507 607 Ludovici
527 570 672 607 comitis
692 569 930 607 Ebroicensis
943 599 952 616 ‚
975 580 1048 616 que
1065 569 1234 616 ejusdem
1255 569 1354 620 regis
1373 578 1453 607 erat
1487 583 1580 622 cog-

181 637 268 666 nata
283 642 477 680 germana.

237 693 351 730 1327.
367 691 468 728 Obiit
484 693 648 728 Karolus
664 704 732 728 rex
751 693 982 730 Francorum
995 710 1003 739 ;
1018 693 1077 731 cui
1091 691 1267 730 successit
1288 691 1386 729 filius
1403 692 1482 739 ejus
1499 692 1585 742 qui-

183 754 267 791 dam
283 767 378 804 puer
396 754 434 790 in
451 753 571 799 cuuis,
594 761 629 790 et
648 753 715 790 suit
735 755 813 790 sere
837 768 905 804 per
924 755 1121 792 dimidium
1139 767 1294 791 annum.
1317 756 1401 801 Quo
1416 762 1581 801 mortuo,

182 816 359 853 successit
390 816 601 866 Philippus,
634 825 815 867 cognatus
841 817 958 867 ipsius
975 818 1107 855 Karoli
1128 829 1352 867 germanus,
1370 817 1434 867 qui
1460 817 1529 854 fuit
1548 824 1584 853 et

181 878 312 929 regina
332 892 466 929 regens
484 879 564 928 ipse
586 878 706 928 pueri.

236 942 316 976 Hoc
340 952 440 976 anuo
466 939 558 976 obiit
578 939 799 976 Gaufsridus
822 940 1022 990 episcopus
1042 939 1304 987 Ebroicensi53
1327 939 1387 976 cui
1407 939 1586 977 successit

181 1003 295 1039 frater
311 1006 345 1040 J.
365 1002 411 1039 de
428 1004 553 1045 Prato,
577 1001 623 1038 de
648 1002 781 1039 ordine
801 1004 973 1038 Fratrum
995 1001 1295 1039 Predicatorum.

237 1067 351 1102 1330.
370 1067 450 1101 Hoc
464 1077 564 1100 anno
581 1062 672 1100 obiit
687 1064 912 1101 Guillclmus
926 1063 1232 1113 archiepiscopus
1245 1063 1560 1114 Rothomagensis
1572 1092 1582 1110 ‚

180 1136 288 1164 antea
325 1126 532 1163 monachus
573 1134 609 1162 et
644 1126 844 1176 episcopus
873 1126 920 1163 de
948 1130 1130 1171 Lencres;
1164 1126 1223 1162 cui
1254 1127 1431 1162 successit
1452 1128 1584 1162 Petrus

181 1188 410 1233 monachus,
431 1187 737 1238 archiepiscopus
759 1187 1001 1234 Seuonensis,
1024 1196 1059 1225 et
1086 1201 1243 1239 magnus
1261 1187 1300 1224 in
1321 1187 1516 1238 dignitate.

235 1252 351 1287 1334.
384 1253 462 1286 Hoc
497 1262 597 1286 anno
627 1249 721 1286 obiit
739 1250 924 1287 Ricardus
943 1250 1130 1299 Tyscelin‚
1148 1249 1263 1286 abbas
1279 1249 1393 1296 hujus
1413 1247 1584 1296 cenobii3

179 1313 240 1351 cui
260 1312 437 1349 successit
455 1312 571 1349 frater
590 1311 795 1348 Nicholaus
814 1313 977 1349 Herbert
999 1322 1085 1349 tuuc
1109 1311 1333 1349 claustralis.

232 1375 373 1412 Eodem
392 1388 491 1412 anno
514 1373 638 1426 [obiit]
659 1375 848 1412 Johannes
867 1389 964 1426 papa
979 1377 1093 1412 XXII
1107 1386 1115 1422 ;
1131 1375 1192 1411 cui
1207 1374 1384 1412 successit
1402 1374 1586 1412 Benedic-

180 1446 238 1475 tus
259 1436 522 1483 duodecimus,
547 1437 753 1474 monachus
773 1437 1030 1474 Cisterciensis
1048 1436 1207 1473 ordinis.

235 1502 351 1538 1336.
384 1502 464 1535 Hoc
499 1511 598 1535 anno
638 1497 729 1536 obiit
764 1499 889 1537 Guido
921 1499 968 1535 de
993 1499 1212 1545 Haricuria,
1234 1498 1434 1549 episcopus
1458 1501 1585 1536 Lexo-

182 1560 341 1606 viensi53
365 1561 424 1598 cui
446 1560 625 1598 successit
640 1560 866 1598 Guillelmus
885 1560 1106 1598 Chermont.

235 1624 351 1660 1342.
372 1625 453 1659 Hoc
472 1635 572 1659 anno
592 1622 683 1659 obiit
700 1622 924 1661 Benedictus
938 1625 1026 1667 XII;
1049 1623 1110 1659 cui
1130 1623 1308 1660 successit
1327 1623 1499 1662 Clemens
1519 1628 1583 1672 VI,

183 1685 240 1722 vir
268 1684 491 1722 mirabiliter
510 1685 742 1731 sullimatus,
767 1685 832 1735 qui
863 1685 968 1735 prius
989 1685 1059 1722 fuit
1079 1695 1234 1722 vocatus
1257 1686 1433 1736 magister
1452 1690 1586 1726 Petrus

180 1748 349 1799 Rogerii,
378 1748 556 1799 magister
580 1748 619 1784 in
643 1747 832 1799 theologia
848 1778 857 1795 ,
889 1747 1049 1785 condam
1070 1748 1279 1785 monachus
1300 1749 1442 1786 ordinis
1469 1751 1586 1788 sancti

180 1810 373 1848 Benedicti
393 1818 428 1847 et
447 1818 529 1860 post
546 1809 661 1847 abbas
674 1810 936 1847 Fiscannensis
951 1819 986 1847 et
1003 1811 1310 1861 archiepiscopus
1327 1809 1583 1864 [Senonensisl

183 1881 219 1910 et
237 1872 324 1909 inde
343 1873 648 1923 archiepiscopus
666 1872 982 1923 Rothomagensis
1002 1882 1038 1910 et
1059 1873 1145 1909 inde
1165 1873 1378 1910 cardinalis.

237 1938 353 1972 1346.
382 1938 462 1971 Hoc
482 1948 581 1971 anno
600 1934 754 1971 intravit
774 1948 841 1971 rex
855 1935 988 1985 Anglie
1003 1948 1162 1984 regnum
1180 1936 1335 1972 Francie
1353 1949 1421 1985 per
1440 1938 1586 1987 Hogam

183 1999 308 2037 Sancti
324 1996 489 2035 Vedasti.
510 1999 603 2034 Fere
623 1996 895 2033 Normanniam
915 2005 951 2033 et
971 1997 1167 2033 Franciam
1192 2010 1213 2033 a
1226 1996 1372 2034 duabus
1389 1997 1505 2034 leucis
1519 2001 1589 2036 Pa-

184 2061 294 2098 risius
323 2060 497 2105 calcaxit,
519 2067 568 2107 et,
589 2072 657 2109 per
689 2067 840 2108 pontem
872 2058 919 2095 de
954 2059 1083 2108 Poyssi
1103 2060 1147 2106 (3³)
1167 2058 1333 2102 rediens,
1354 2060 1587 2111 WVulgatium

183 2123 430 2173 consumpsit.
465 2125 509 2158 Et
537 2122 574 2158 in
610 2120 698 2158 villa
725 2134 798 2170 que
830 2122 945 2158 Crece
983 2121 1120 2158 dicitur
1152 2121 1294 2158 bellum
1323 2122 1587 2172 applicuerunt

183 2184 295 2222 ambo
326 2198 447 2235 reges.
484 2187 567 2220 Rex
597 2195 688 2220 vero
717 2182 852 2234 Anglie
878 2182 1041 2221 obtinuit
1076 2184 1327 2234 principatum
1346 2213 1354 2228 ,
1386 2194 1422 2222 et
1456 2198 1584 2235 regem

183 2247 337 2284 Boemie
358 2260 433 2283 una
463 2259 548 2283 cum
570 2260 599 2282 11
628 2243 806 2291 ducibus,
829 2259 867 2281 vx
888 2245 1086 2282 comitibus
1119 2254 1156 2282 et
1182 2257 1318 2295 magna
1344 2245 1585 2284 multitudine

181 2310 367 2347 nobilium
396 2308 747 2347 intei'l‘ecit.Yilla111
768 2308 900 2346 Calesii
920 2309 1063 2358 accepit
1084 2317 1120 2345 et
1148 2321 1230 2345 eam
1262 2307 1381 2344 multo
1412 2316 1584 2360 tempore

186 2373 370 2422 [tenuit].

238 2437 353 2472 1347.
385 2437 466 2471 Hoc
482 2447 581 2471 anno
602 2432 742 2470 dimisit
758 2440 988 2483 spontaneus
1008 2434 1123 2471 frater
1140 2434 1315 2473 Nicolaus
1334 2433 1497 2472 Herbert
1512 2448 1584 2472 cu-

185 2511 263 2534 ram
283 2495 431 2533 abbatie
452 2495 575 2532 Sancti
594 2495 761 2542 Ebrulfi3
788 2494 847 2531 cui
869 2495 1046 2532 successit
1064 2495 1179 2533 frater
1196 2500 1230 2534 J.
1255 2497 1301 2534 de
1319 2499 1436 2534 Bosco
1459 2499 1583 2535 Gens-

185 2558 295 2596 celini
310 2588 319 2604 ‚
340 2567 427 2594 tunc
447 2557 650 2595 celerarius
668 2557 812 2607 prefate
828 2555 990 2594 abbatie.

240 2622 354 2658 1348.
388 2622 468 2656 Hoc
496 2633 594 2656 anno
626 2632 727 2656 mors
755 2632 829 2669 que
854 2632 875 2655 a
906 2619 1137 2668 sapientibus
1169 2620 1356 2670 epidemia
1376 2621 1586 2659 vocabatur

185 2682 340 2720 intravit
358 2682 396 2719 in
413 2681 519 2729 orbe,
538 2681 721 2732 incipiens
741 2681 788 2718 ab
809 2681 953 2720 oriente
975 2682 1013 2718 in
1031 2682 1264 2720 occidentem
1273 2712 1484 2722 .......
