<?xml version="1.0" encoding="UTF-8"?>
<!DOCTYPE html PUBLIC "-//W3C//DTD XHTML 1.0 Transitional//EN"
    "http://www.w3.org/TR/xhtml1/DTD/xhtml1-transitional.dtd">
<html xmlns="http://www.w3.org/1999/xhtml" xml:lang="en" lang="en">
 <head>
  <title>
</title>
<meta http-equiv="Content-Type" content="text/html;charset=utf-8" />
  <meta name='ocr-system' content='tesseract 3.04.00' />
  <meta name='ocr-capabilities' content='ocr_page ocr_carea ocr_par ocr_line ocrx_word'/>
</head>
<body>
  <div class='ocr_page' id='page_1' title='image "./ordericivitalish05ordeuoft_0279.png"; bbox 0 0 2081 3408; ppageno 0'>
   <div class='ocr_carea' id='block_1_1' title="bbox 757 251 1582 287">
    <p class='ocr_par' dir='ltr' id='par_1_1' title="bbox 757 251 1582 287">
     <span class='ocr_line' id='line_1_1' title="bbox 757 251 1582 287; baseline 0 -1"><span class='ocrx_word' id='word_1_1' title='bbox 757 251 1019 286; x_wconf 81' lang='lat' dir='ltr'><strong>APPENDIX.</strong></span> <span class='ocrx_word' id='word_1_2' title='bbox 1509 251 1582 287; x_wconf 77' lang='grc'>159</span> 
     </span>
    </p>
   </div>
   <div class='ocr_carea' id='block_1_2' title="bbox 173 337 1582 2745">
    <p class='ocr_par' dir='ltr' id='par_1_2' title="bbox 235 337 1381 387">
     <span class='ocr_line' id='line_1_2' title="bbox 235 337 1381 387; baseline -0.003 -9"><span class='ocrx_word' id='word_1_3' title='bbox 235 341 438 378; x_wconf 82' lang='lat' dir='ltr'>Mainerius</span> <span class='ocrx_word' id='word_1_4' title='bbox 456 340 642 377; x_wconf 81' lang='lat' dir='ltr'>Uticensis</span> <span class='ocrx_word' id='word_1_5' title='bbox 662 338 777 376; x_wconf 86' lang='lat' dir='ltr'>abbas</span> <span class='ocrx_word' id='word_1_6' title='bbox 797 338 889 375; x_wconf 90' lang='lat' dir='ltr'>obiit</span> <span class='ocrx_word' id='word_1_7' title='bbox 906 367 914 383; x_wconf 90' lang='lat'><strong>‚</strong></span> <span class='ocrx_word' id='word_1_8' title='bbox 938 338 1048 387; x_wconf 85' lang='lat' dir='ltr'>eique</span> <span class='ocrx_word' id='word_1_9' title='bbox 1067 337 1173 375; x_wconf 87' lang='lat' dir='ltr'>Serlo</span> <span class='ocrx_word' id='word_1_10' title='bbox 1193 337 1381 375; x_wconf 88' lang='lat' dir='ltr'>successit.</span> 
     </span>
    </p>

    <p class='ocr_par' dir='ltr' id='par_1_3' title="bbox 183 398 1580 517">
     <span class='ocr_line' id='line_1_3' title="bbox 236 398 1580 450; baseline -0.002 -11"><span class='ocrx_word' id='word_1_11' title='bbox 236 406 350 439; x_wconf 81' lang='grc'>1091.</span> <span class='ocrx_word' id='word_1_12' title='bbox 383 403 482 440; x_wconf 84' lang='lat' dir='ltr'>Sello</span> <span class='ocrx_word' id='word_1_13' title='bbox 506 403 621 438; x_wconf 79' lang='lat' dir='ltr'>sactus</span> <span class='ocrx_word' id='word_1_14' title='bbox 651 410 704 437; x_wconf 84' lang='lat' dir='ltr'>est</span> <span class='ocrx_word' id='word_1_15' title='bbox 732 401 929 450; x_wconf 77' lang='lat' dir='ltr'>episcopus</span> <span class='ocrx_word' id='word_1_16' title='bbox 961 400 1159 450; x_wconf 71' lang='lat' dir='ltr'>Sagiensis.</span> <span class='ocrx_word' id='word_1_17' title='bbox 1195 400 1261 436; x_wconf 93' lang='lat' dir='ltr'>Cui</span> <span class='ocrx_word' id='word_1_18' title='bbox 1294 398 1470 436; x_wconf 87' lang='lat' dir='ltr'>successit</span> <span class='ocrx_word' id='word_1_19' title='bbox 1502 401 1580 436; x_wconf 85' lang='lat' dir='ltr'>Ro-</span> 
     </span>
     <span class='ocr_line' id='line_1_4' title="bbox 183 463 946 517; baseline -0.001 -15"><span class='ocrx_word' id='word_1_20' title='bbox 183 478 293 517; x_wconf 82' lang='lat' dir='ltr'>gerus</span> <span class='ocrx_word' id='word_1_21' title='bbox 313 465 359 502; x_wconf 90' lang='lat' dir='ltr'>‹le</span> <span class='ocrx_word' id='word_1_22' title='bbox 380 469 505 515; x_wconf 81' lang='lat' dir='ltr'>Sappo</span> <span class='ocrx_word' id='word_1_23' title='bbox 528 465 565 501; x_wconf 87' lang='lat' dir='ltr'>in</span> <span class='ocrx_word' id='word_1_24' title='bbox 590 464 756 501; x_wconf 74' lang='lat' dir='ltr'>Uticensi</span> <span class='ocrx_word' id='word_1_25' title='bbox 777 463 946 501; x_wconf 76' lang='lat' dir='ltr'>ecclesia.</span> 
     </span>
    </p>

    <p class='ocr_par' dir='ltr' id='par_1_4' title="bbox 179 524 1580 639">
     <span class='ocr_line' id='line_1_5' title="bbox 235 524 1580 574; baseline -0.003 -10"><span class='ocrx_word' id='word_1_26' title='bbox 235 530 351 566; x_wconf 74' lang='lat'>1095.</span> <span class='ocrx_word' id='word_1_27' title='bbox 376 528 526 565; x_wconf 77' lang='lat' dir='ltr'>Siccitas</span> <span class='ocrx_word' id='word_1_28' title='bbox 552 536 588 564; x_wconf 87' lang='lat' dir='ltr'>et</span> <span class='ocrx_word' id='word_1_29' title='bbox 611 526 816 563; x_wconf 76' lang='lat' dir='ltr'>mortalitas</span> <span class='ocrx_word' id='word_1_30' title='bbox 835 525 1031 562; x_wconf 82' lang='lat' dir='ltr'>hominum</span> <span class='ocrx_word' id='word_1_31' title='bbox 1058 525 1208 562; x_wconf 87' lang='lat' dir='ltr'>suerunt</span> <span class='ocrx_word' id='word_1_32' title='bbox 1225 533 1260 562; x_wconf 85' lang='lat' dir='ltr'>et</span> <span class='ocrx_word' id='word_1_33' title='bbox 1286 525 1392 562; x_wconf 81' lang='lat' dir='ltr'>stelle</span> <span class='ocrx_word' id='word_1_34' title='bbox 1419 524 1580 574; x_wconf 88' lang='lat' dir='ltr'>quadam</span> 
     </span>
     <span class='ocr_line' id='line_1_6' title="bbox 179 587 1095 639; baseline -0.003 -13"><span class='ocrx_word' id='word_1_35' title='bbox 179 598 290 626; x_wconf 88' lang='lat' dir='ltr'>nocte</span> <span class='ocrx_word' id='word_1_36' title='bbox 312 590 398 626; x_wconf 84' lang='lat' dir='ltr'>maii</span> <span class='ocrx_word' id='word_1_37' title='bbox 419 589 556 626; x_wconf 77' lang='lat' dir='ltr'>mensis</span> <span class='ocrx_word' id='word_1_38' title='bbox 576 589 622 625; x_wconf 84' lang='lat' dir='ltr'>de</span> <span class='ocrx_word' id='word_1_39' title='bbox 643 589 725 639; x_wconf 68' lang='lat' dir='ltr'>celo</span> <span class='ocrx_word' id='word_1_40' title='bbox 745 587 879 624; x_wconf 83' lang='lat' dir='ltr'>cadere</span> <span class='ocrx_word' id='word_1_41' title='bbox 898 588 977 637; x_wconf 65' lang='lat' dir='ltr'>vise</span> <span class='ocrx_word' id='word_1_42' title='bbox 997 596 1095 624; x_wconf 79' lang='lat' dir='ltr'>sunt.</span> 
     </span>
    </p>

    <p class='ocr_par' dir='ltr' id='par_1_5' title="bbox 179 648 1582 762">
     <span class='ocr_line' id='line_1_7' title="bbox 228 648 1582 700; baseline -0.001 -14"><span class='ocrx_word' id='word_1_43' title='bbox 228 650 403 687; x_wconf 81' lang='lat' dir='ltr'>Urbanus</span> <span class='ocrx_word' id='word_1_44' title='bbox 425 664 521 700; x_wconf 81' lang='lat' dir='ltr'>papa</span> <span class='ocrx_word' id='word_1_45' title='bbox 542 650 642 700; x_wconf 86' lang='lat' dir='ltr'>apud</span> <span class='ocrx_word' id='word_1_46' title='bbox 664 650 814 687; x_wconf 85' lang='lat' dir='ltr'>Clarum</span> <span class='ocrx_word' id='word_1_47' title='bbox 835 652 999 685; x_wconf 79' lang='lat' dir='ltr'>Montein</span> <span class='ocrx_word' id='word_1_48' title='bbox 1030 649 1160 699; x_wconf 75' lang='lat' dir='ltr'>ingens</span> <span class='ocrx_word' id='word_1_49' title='bbox 1181 648 1381 685; x_wconf 80' lang='lat' dir='ltr'>concil-ium</span> <span class='ocrx_word' id='word_1_50' title='bbox 1407 648 1526 685; x_wconf 88' lang='lat' dir='ltr'>tenuit</span> <span class='ocrx_word' id='word_1_51' title='bbox 1545 656 1582 685; x_wconf 85' lang='lat' dir='ltr'>et</span> 
     </span>
     <span class='ocr_line' id='line_1_8' title="bbox 179 710 1472 762; baseline 0.001 -16"><span class='ocrx_word' id='word_1_52' title='bbox 179 710 251 747; x_wconf 88' lang='lat' dir='ltr'>iter</span> <span class='ocrx_word' id='word_1_53' title='bbox 271 711 307 746; x_wconf 90' lang='lat' dir='ltr'>in</span> <span class='ocrx_word' id='word_1_54' title='bbox 328 712 539 748; x_wconf 77' lang='lat' dir='ltr'>Jerusalem</span> <span class='ocrx_word' id='word_1_55' title='bbox 559 720 688 747; x_wconf 81' lang='lat' dir='ltr'>contra</span> <span class='ocrx_word' id='word_1_56' title='bbox 709 713 879 762; x_wconf 79' lang='lat' dir='ltr'>Paganos</span> <span class='ocrx_word' id='word_1_57' title='bbox 898 711 993 747; x_wconf 89' lang='lat' dir='ltr'>inire</span> <span class='ocrx_word' id='word_1_58' title='bbox 1013 710 1243 748; x_wconf 81' lang='lat' dir='ltr'>Christianos</span> <span class='ocrx_word' id='word_1_59' title='bbox 1264 710 1472 747; x_wconf 86' lang='lat' dir='ltr'>admonuit.</span> 
     </span>
    </p>

    <p class='ocr_par' dir='ltr' id='par_1_6' title="bbox 230 773 732 823">
     <span class='ocr_line' id='line_1_9' title="bbox 230 773 732 823; baseline 0 -14"><span class='ocrx_word' id='word_1_60' title='bbox 230 775 334 809; x_wconf 83' lang='lat' dir='ltr'>Tunc</span> <span class='ocrx_word' id='word_1_61' title='bbox 359 774 474 810; x_wconf 83' lang='lat' dir='ltr'>sames</span> <span class='ocrx_word' id='word_1_62' title='bbox 492 786 626 823; x_wconf 73' lang='lat' dir='ltr'>magna</span> <span class='ocrx_word' id='word_1_63' title='bbox 651 773 732 809; x_wconf 82' lang='lat' dir='ltr'>fuit.</span> 
     </span>
    </p>

    <p class='ocr_par' dir='ltr' id='par_1_7' title="bbox 232 834 1322 875">
     <span class='ocr_line' id='line_1_10' title="bbox 232 834 1322 875; baseline 0 -3"><span class='ocrx_word' id='word_1_64' title='bbox 232 838 349 875; x_wconf 73' lang='lat'>1098.</span> <span class='ocrx_word' id='word_1_65' title='bbox 381 836 509 873; x_wconf 87' lang='lat' dir='ltr'>Celum</span> <span class='ocrx_word' id='word_1_66' title='bbox 532 836 664 873; x_wconf 83' lang='lat' dir='ltr'>ardere</span> <span class='ocrx_word' id='word_1_67' title='bbox 684 836 805 872; x_wconf 88' lang='lat' dir='ltr'>visum</span> <span class='ocrx_word' id='word_1_68' title='bbox 827 844 882 872; x_wconf 89' lang='lat' dir='ltr'>est</span> <span class='ocrx_word' id='word_1_69' title='bbox 899 849 923 872; x_wconf 92' lang='lat' dir='ltr'>v</span> <span class='ocrx_word' id='word_1_70' title='bbox 944 834 1122 871; x_wconf 82' lang='lat' dir='ltr'>kalendas</span> <span class='ocrx_word' id='word_1_71' title='bbox 1145 834 1322 872; x_wconf 81' lang='lat' dir='ltr'>octobris.</span> 
     </span>
    </p>

    <p class='ocr_par' dir='ltr' id='par_1_8' title="bbox 231 896 1269 947">
     <span class='ocr_line' id='line_1_11' title="bbox 231 896 1269 947; baseline -0.001 -13"><span class='ocrx_word' id='word_1_72' title='bbox 231 898 299 934; x_wconf 89' lang='lat' dir='ltr'>Die</span> <span class='ocrx_word' id='word_1_73' title='bbox 317 899 449 935; x_wconf 80' lang='lat' dir='ltr'>natalis</span> <span class='ocrx_word' id='word_1_74' title='bbox 469 899 641 943; x_wconf 84' lang='lat' dir='ltr'>Domini,</span> <span class='ocrx_word' id='word_1_75' title='bbox 664 898 717 934; x_wconf 88' lang='lat' dir='ltr'>sol</span> <span class='ocrx_word' id='word_1_76' title='bbox 736 898 773 934; x_wconf 91' lang='lat' dir='ltr'>in</span> <span class='ocrx_word' id='word_1_77' title='bbox 793 896 1028 947; x_wconf 62' lang='lat' dir='ltr'>nigredinem</span> <span class='ocrx_word' id='word_1_78' title='bbox 1051 910 1182 932; x_wconf 81' lang='lat' dir='ltr'>versus</span> <span class='ocrx_word' id='word_1_79' title='bbox 1202 905 1269 933; x_wconf 83' lang='lat' dir='ltr'>est.</span> 
     </span>
    </p>

    <p class='ocr_par' dir='ltr' id='par_1_9' title="bbox 231 956 1576 1010">
     <span class='ocr_line' id='line_1_12' title="bbox 231 956 1576 1010; baseline 0 -16"><span class='ocrx_word' id='word_1_80' title='bbox 231 958 331 995; x_wconf 92' lang='lat' dir='ltr'>Obiit</span> <span class='ocrx_word' id='word_1_81' title='bbox 351 962 462 1010; x_wconf 67' lang='lat' dir='ltr'>Hugo</span> <span class='ocrx_word' id='word_1_82' title='bbox 482 960 529 996; x_wconf 89' lang='lat' dir='ltr'>de</span> <span class='ocrx_word' id='word_1_83' title='bbox 549 958 814 996; x_wconf 80' lang='lat' dir='ltr'>Grentmalsnil</span> <span class='ocrx_word' id='word_1_84' title='bbox 838 958 1015 994; x_wconf 74' lang='lat' dir='ltr'>fundator</span> <span class='ocrx_word' id='word_1_85' title='bbox 1042 958 1258 994; x_wconf 87' lang='lat' dir='ltr'>monasterii</span> <span class='ocrx_word' id='word_1_86' title='bbox 1282 957 1397 994; x_wconf 89' lang='lat' dir='ltr'>sancti</span> <span class='ocrx_word' id='word_1_87' title='bbox 1418 956 1576 995; x_wconf 86' lang='lat' dir='ltr'>Ebrulfi.</span> 
     </span>
    </p>

    <p class='ocr_par' dir='ltr' id='par_1_10' title="bbox 177 1018 1580 1133">
     <span class='ocr_line' id='line_1_13' title="bbox 230 1018 1580 1071; baseline 0.001 -16"><span class='ocrx_word' id='word_1_88' title='bbox 230 1022 345 1057; x_wconf 75' lang='lat'>1000.</span> <span class='ocrx_word' id='word_1_89' title='bbox 378 1022 609 1065; x_wconf 81' lang='lat' dir='ltr'>Jerusalem,</span> <span class='ocrx_word' id='word_1_90' title='bbox 635 1018 836 1071; x_wconf 80' lang='lat' dir='ltr'>gentilibus</span> <span class='ocrx_word' id='word_1_91' title='bbox 866 1019 973 1055; x_wconf 86' lang='lat' dir='ltr'>victis</span> <span class='ocrx_word' id='word_1_92' title='bbox 1000 1019 1064 1067; x_wconf 85' lang='lat' dir='ltr'>qui</span> <span class='ocrx_word' id='word_1_93' title='bbox 1099 1031 1182 1055; x_wconf 87' lang='lat' dir='ltr'>eam</span> <span class='ocrx_word' id='word_1_94' title='bbox 1214 1018 1278 1055; x_wconf 91' lang='lat' dir='ltr'>diu</span> <span class='ocrx_word' id='word_1_95' title='bbox 1310 1027 1533 1066; x_wconf 85' lang='lat' dir='ltr'>tenuerant,</span> <span class='ocrx_word' id='word_1_96' title='bbox 1559 1033 1580 1057; x_wconf 89' lang='lat' dir='ltr'>a</span> 
     </span>
     <span class='ocr_line' id='line_1_14' title="bbox 177 1081 966 1133; baseline -0.001 -16"><span class='ocrx_word' id='word_1_97' title='bbox 177 1083 312 1119; x_wconf 79' lang='lat' dir='ltr'>sanctis</span> <span class='ocrx_word' id='word_1_98' title='bbox 333 1083 542 1133; x_wconf 71' lang='lat' dir='ltr'>peregrinis</span> <span class='ocrx_word' id='word_1_99' title='bbox 562 1090 670 1132; x_wconf 89' lang='lat' dir='ltr'>capta</span> <span class='ocrx_word' id='word_1_100' title='bbox 691 1090 744 1118; x_wconf 84' lang='lat' dir='ltr'>est</span> <span class='ocrx_word' id='word_1_101' title='bbox 768 1081 851 1117; x_wconf 81' lang='lat' dir='ltr'>idus</span> <span class='ocrx_word' id='word_1_102' title='bbox 867 1081 966 1127; x_wconf 86' lang='lat' dir='ltr'>julii.</span> 
     </span>
    </p>

    <p class='ocr_par' dir='ltr' id='par_1_11' title="bbox 230 1142 1253 1194">
     <span class='ocr_line' id='line_1_15' title="bbox 230 1142 1253 1194; baseline -0.002 -14"><span class='ocrx_word' id='word_1_103' title='bbox 230 1146 300 1180; x_wconf 87' lang='lat' dir='ltr'>Hic</span> <span class='ocrx_word' id='word_1_104' title='bbox 323 1144 498 1181; x_wconf 81' lang='lat' dir='ltr'>Urbanus</span> <span class='ocrx_word' id='word_1_105' title='bbox 519 1157 615 1194; x_wconf 89' lang='lat' dir='ltr'>papa</span> <span class='ocrx_word' id='word_1_106' title='bbox 636 1143 742 1182; x_wconf 89' lang='lat' dir='ltr'>obiit.</span> <span class='ocrx_word' id='word_1_107' title='bbox 769 1143 836 1179; x_wconf 92' lang='lat' dir='ltr'>Cui</span> <span class='ocrx_word' id='word_1_108' title='bbox 854 1142 1042 1179; x_wconf 83' lang='lat' dir='ltr'>Paschalis</span> <span class='ocrx_word' id='word_1_109' title='bbox 1063 1142 1253 1179; x_wconf 84' lang='lat' dir='ltr'>successit.</span> 
     </span>
    </p>

    <p class='ocr_par' dir='ltr' id='par_1_12' title="bbox 228 1204 1174 1257">
     <span class='ocr_line' id='line_1_16' title="bbox 228 1204 1174 1257; baseline -0.001 -15"><span class='ocrx_word' id='word_1_110' title='bbox 228 1206 414 1242; x_wconf 85' lang='lat' dir='ltr'>Uticensis</span> <span class='ocrx_word' id='word_1_111' title='bbox 438 1206 597 1257; x_wconf 67' lang='lat' dir='ltr'>ecclesia</span> <span class='ocrx_word' id='word_1_112' title='bbox 617 1205 732 1242; x_wconf 80' lang='lat' dir='ltr'>sancti</span> <span class='ocrx_word' id='word_1_113' title='bbox 754 1204 897 1241; x_wconf 87' lang='lat' dir='ltr'>Ebrulfi</span> <span class='ocrx_word' id='word_1_114' title='bbox 918 1204 1088 1241; x_wconf 83' lang='lat' dir='ltr'>dedicata</span> <span class='ocrx_word' id='word_1_115' title='bbox 1106 1213 1174 1241; x_wconf 88' lang='lat' dir='ltr'>est.</span> 
     </span>
    </p>

    <p class='ocr_par' dir='ltr' id='par_1_13' title="bbox 175 1266 1578 1368">
     <span class='ocr_line' id='line_1_17' title="bbox 228 1266 1578 1317; baseline 0 -13"><span class='ocrx_word' id='word_1_116' title='bbox 228 1270 343 1304; x_wconf 91' lang='lat'>1100.</span> <span class='ocrx_word' id='word_1_117' title='bbox 376 1268 572 1305; x_wconf 86' lang='lat' dir='ltr'>Willemus</span> <span class='ocrx_word' id='word_1_118' title='bbox 596 1268 714 1304; x_wconf 84' lang='lat' dir='ltr'>Rufus</span> <span class='ocrx_word' id='word_1_119' title='bbox 736 1279 802 1304; x_wconf 87' lang='lat' dir='ltr'>rex</span> <span class='ocrx_word' id='word_1_120' title='bbox 825 1267 1037 1317; x_wconf 78' lang='lat' dir='ltr'>Anglorum</span> <span class='ocrx_word' id='word_1_121' title='bbox 1058 1267 1097 1303; x_wconf 90' lang='lat' dir='ltr'>in</span> <span class='ocrx_word' id='word_1_122' title='bbox 1118 1266 1320 1304; x_wconf 86' lang='lat' dir='ltr'>venatione</span> <span class='ocrx_word' id='word_1_123' title='bbox 1344 1266 1477 1317; x_wconf 84' lang='lat' dir='ltr'>sagitta</span> <span class='ocrx_word' id='word_1_124' title='bbox 1493 1280 1578 1317; x_wconf 89' lang='lat' dir='ltr'>per-</span> 
     </span>
     <span class='ocr_line' id='line_1_18' title="bbox 175 1329 1190 1368; baseline -0.001 -2"><span class='ocrx_word' id='word_1_125' title='bbox 175 1343 307 1367; x_wconf 86' lang='lat' dir='ltr'>cussus</span> <span class='ocrx_word' id='word_1_126' title='bbox 328 1330 434 1368; x_wconf 84' lang='lat' dir='ltr'>obiit.</span> <span class='ocrx_word' id='word_1_127' title='bbox 459 1331 526 1368; x_wconf 86' lang='lat' dir='ltr'>Cui</span> <span class='ocrx_word' id='word_1_128' title='bbox 548 1330 734 1368; x_wconf 87' lang='lat' dir='ltr'>Henricus</span> <span class='ocrx_word' id='word_1_129' title='bbox 755 1330 869 1366; x_wconf 80' lang='lat' dir='ltr'>frater</span> <span class='ocrx_word' id='word_1_130' title='bbox 889 1343 978 1366; x_wconf 88' lang='lat' dir='ltr'>suus</span> <span class='ocrx_word' id='word_1_131' title='bbox 999 1329 1190 1366; x_wconf 85' lang='lat' dir='ltr'>successit.</span> 
     </span>
    </p>

    <p class='ocr_par' dir='ltr' id='par_1_14' title="bbox 175 1390 1575 1504">
     <span class='ocr_line' id='line_1_19' title="bbox 228 1390 1575 1441; baseline 0.001 -14"><span class='ocrx_word' id='word_1_132' title='bbox 228 1394 342 1428; x_wconf 87' lang='lat'>1106.</span> <span class='ocrx_word' id='word_1_133' title='bbox 375 1393 521 1429; x_wconf 88' lang='lat' dir='ltr'>Bellum</span> <span class='ocrx_word' id='word_1_134' title='bbox 547 1391 910 1429; x_wconf 65' lang='lat' dir='ltr'>Tenere-hebraicum</span> <span class='ocrx_word' id='word_1_135' title='bbox 941 1405 1017 1441; x_wconf 89' lang='lat' dir='ltr'>quo</span> <span class='ocrx_word' id='word_1_136' title='bbox 1052 1392 1237 1429; x_wconf 81' lang='lat' dir='ltr'>Hem-icus</span> <span class='ocrx_word' id='word_1_137' title='bbox 1265 1404 1333 1428; x_wconf 87' lang='lat' dir='ltr'>rex</span> <span class='ocrx_word' id='word_1_138' title='bbox 1368 1390 1575 1441; x_wconf 83' lang='lat' dir='ltr'>Anglorum</span> 
     </span>
     <span class='ocr_line' id='line_1_20' title="bbox 175 1454 1326 1504; baseline 0.001 -13"><span class='ocrx_word' id='word_1_139' title='bbox 175 1454 274 1504; x_wconf 89' lang='lat' dir='ltr'>cepit</span> <span class='ocrx_word' id='word_1_140' title='bbox 294 1454 528 1493; x_wconf 87' lang='lat' dir='ltr'>Rodbertum</span> <span class='ocrx_word' id='word_1_141' title='bbox 550 1456 702 1492; x_wconf 84' lang='lat' dir='ltr'>fratrem</span> <span class='ocrx_word' id='word_1_142' title='bbox 723 1467 830 1491; x_wconf 92' lang='lat' dir='ltr'>suum</span> <span class='ocrx_word' id='word_1_143' title='bbox 852 1454 984 1491; x_wconf 82' lang='lat' dir='ltr'>(lucem</span> <span class='ocrx_word' id='word_1_144' title='bbox 1005 1457 1326 1493; x_wconf 82' lang='lat' dir='ltr'>Normannorum.</span> 
     </span>
    </p>

    <p class='ocr_par' dir='ltr' id='par_1_15' title="bbox 173 1516 1577 1618">
     <span class='ocr_line' id='line_1_21' title="bbox 228 1516 1577 1568; baseline -0.001 -14"><span class='ocrx_word' id='word_1_145' title='bbox 228 1518 450 1555; x_wconf 78' lang='lat' dir='ltr'>Goisfredus</span> <span class='ocrx_word' id='word_1_146' title='bbox 469 1517 663 1555; x_wconf 85' lang='lat' dir='ltr'>Martellus</span> <span class='ocrx_word' id='word_1_147' title='bbox 681 1517 782 1554; x_wconf 83' lang='lat' dir='ltr'>filius</span> <span class='ocrx_word' id='word_1_148' title='bbox 802 1517 976 1554; x_wconf 90' lang='lat' dir='ltr'>Fulconis</span> <span class='ocrx_word' id='word_1_149' title='bbox 994 1516 1279 1568; x_wconf 81' lang='lat' dir='ltr'>Andegavensis</span> <span class='ocrx_word' id='word_1_150' title='bbox 1293 1528 1418 1553; x_wconf 86' lang='lat' dir='ltr'>comes</span> <span class='ocrx_word' id='word_1_151' title='bbox 1433 1516 1577 1553; x_wconf 87' lang='lat' dir='ltr'>occisus</span> 
     </span>
     <span class='ocr_line' id='line_1_22' title="bbox 173 1587 241 1618; baseline 0.015 -1"><span class='ocrx_word' id='word_1_152' title='bbox 173 1587 241 1618; x_wconf 83' lang='lat' dir='ltr'>est.</span> 
     </span>
    </p>

    <p class='ocr_par' dir='ltr' id='par_1_16' title="bbox 225 1641 1416 1693">
     <span class='ocr_line' id='line_1_23' title="bbox 225 1641 1416 1693; baseline 0 -14"><span class='ocrx_word' id='word_1_153' title='bbox 225 1643 473 1680; x_wconf 84' lang='lat' dir='ltr'>Buamundus</span> <span class='ocrx_word' id='word_1_154' title='bbox 492 1643 529 1680; x_wconf 95' lang='lat' dir='ltr'>in</span> <span class='ocrx_word' id='word_1_155' title='bbox 550 1642 772 1693; x_wconf 76' lang='lat' dir='ltr'>Hesperiam</span> <span class='ocrx_word' id='word_1_156' title='bbox 793 1642 911 1688; x_wconf 85' lang='lat' dir='ltr'>venit,</span> <span class='ocrx_word' id='word_1_157' title='bbox 932 1655 1017 1678; x_wconf 92' lang='lat' dir='ltr'>cum</span> <span class='ocrx_word' id='word_1_158' title='bbox 1042 1649 1206 1678; x_wconf 89' lang='lat' dir='ltr'>cometes</span> <span class='ocrx_word' id='word_1_159' title='bbox 1226 1641 1416 1691; x_wconf 81' lang='lat' dir='ltr'>apparuit.</span> 
     </span>
    </p>

    <p class='ocr_par' dir='ltr' id='par_1_17' title="bbox 225 1703 1495 1756">
     <span class='ocr_line' id='line_1_24' title="bbox 225 1703 1495 1756; baseline -0.001 -15"><span class='ocrx_word' id='word_1_160' title='bbox 225 1705 327 1742; x_wconf 85' lang='lat' dir='ltr'>Obiit</span> <span class='ocrx_word' id='word_1_161' title='bbox 346 1706 532 1743; x_wconf 87' lang='lat' dir='ltr'>Henricus</span> <span class='ocrx_word' id='word_1_162' title='bbox 551 1706 756 1756; x_wconf 85' lang='lat' dir='ltr'>imperator</span> <span class='ocrx_word' id='word_1_163' title='bbox 771 1734 780 1750; x_wconf 89' lang='lat'>‚</span> <span class='ocrx_word' id='word_1_164' title='bbox 803 1705 862 1741; x_wconf 91' lang='lat' dir='ltr'>cui</span> <span class='ocrx_word' id='word_1_165' title='bbox 882 1704 1046 1741; x_wconf 88' lang='lat' dir='ltr'>Karolus</span> <span class='ocrx_word' id='word_1_166' title='bbox 1064 1704 1178 1741; x_wconf 83' lang='lat' dir='ltr'>frater</span> <span class='ocrx_word' id='word_1_167' title='bbox 1197 1716 1286 1740; x_wconf 83' lang='lat' dir='ltr'>suus</span> <span class='ocrx_word' id='word_1_168' title='bbox 1307 1703 1495 1740; x_wconf 85' lang='lat' dir='ltr'>successit.</span> 
     </span>
    </p>

    <p class='ocr_par' dir='ltr' id='par_1_18' title="bbox 173 1765 1577 1866">
     <span class='ocr_line' id='line_1_25' title="bbox 226 1765 1577 1818; baseline -0.001 -15"><span class='ocrx_word' id='word_1_169' title='bbox 226 1769 342 1804; x_wconf 87' lang='grc'>1108.</span> <span class='ocrx_word' id='word_1_170' title='bbox 376 1768 570 1818; x_wconf 87' lang='lat' dir='ltr'>Philippus</span> <span class='ocrx_word' id='word_1_171' title='bbox 590 1780 657 1805; x_wconf 84' lang='lat' dir='ltr'>rex</span> <span class='ocrx_word' id='word_1_172' title='bbox 685 1770 915 1805; x_wconf 80' lang='lat' dir='ltr'>Francorum</span> <span class='ocrx_word' id='word_1_173' title='bbox 942 1766 1036 1803; x_wconf 89' lang='lat' dir='ltr'>obiit</span> <span class='ocrx_word' id='word_1_174' title='bbox 1058 1766 1169 1815; x_wconf 89' lang='lat' dir='ltr'>eique</span> <span class='ocrx_word' id='word_1_175' title='bbox 1189 1765 1286 1803; x_wconf 80' lang='lat' dir='ltr'>filius</span> <span class='ocrx_word' id='word_1_176' title='bbox 1303 1778 1392 1802; x_wconf 87' lang='lat' dir='ltr'>suus</span> <span class='ocrx_word' id='word_1_177' title='bbox 1411 1765 1577 1803; x_wconf 78' lang='lat' dir='ltr'>Ludovi-</span> 
     </span>
     <span class='ocr_line' id='line_1_26' title="bbox 173 1829 447 1866; baseline 0.004 -1"><span class='ocrx_word' id='word_1_178' title='bbox 173 1842 238 1865; x_wconf 89' lang='lat' dir='ltr'>cus</span> <span class='ocrx_word' id='word_1_179' title='bbox 258 1829 447 1866; x_wconf 89' lang='lat' dir='ltr'>successit.</span> 
     </span>
    </p>

    <p class='ocr_par' dir='ltr' id='par_1_19' title="bbox 173 1889 1575 1990">
     <span class='ocr_line' id='line_1_27' title="bbox 228 1889 1575 1941; baseline -0.001 -14"><span class='ocrx_word' id='word_1_180' title='bbox 228 1893 342 1929; x_wconf 81' lang='grc'>1109.</span> <span class='ocrx_word' id='word_1_181' title='bbox 376 1895 455 1928; x_wconf 88' lang='lat' dir='ltr'>Hoc</span> <span class='ocrx_word' id='word_1_182' title='bbox 474 1905 574 1928; x_wconf 88' lang='lat' dir='ltr'>anno</span> <span class='ocrx_word' id='word_1_183' title='bbox 593 1900 629 1928; x_wconf 87' lang='lat' dir='ltr'>et</span> <span class='ocrx_word' id='word_1_184' title='bbox 648 1890 796 1928; x_wconf 89' lang='lat' dir='ltr'>duobus</span> <span class='ocrx_word' id='word_1_185' title='bbox 816 1889 1130 1939; x_wconf 86' lang='lat' dir='ltr'>subsequentibus</span> <span class='ocrx_word' id='word_1_186' title='bbox 1149 1889 1281 1941; x_wconf 83' lang='lat' dir='ltr'>ingens</span> <span class='ocrx_word' id='word_1_187' title='bbox 1299 1891 1414 1927; x_wconf 87' lang='lat' dir='ltr'>fames</span> <span class='ocrx_word' id='word_1_188' title='bbox 1435 1889 1471 1926; x_wconf 91' lang='lat' dir='ltr'>in</span> <span class='ocrx_word' id='word_1_189' title='bbox 1487 1890 1575 1927; x_wconf 86' lang='lat' dir='ltr'>Gal·</span> 
     </span>
     <span class='ocr_line' id='line_1_28' title="bbox 173 1953 427 1990; baseline 0 -1"><span class='ocrx_word' id='word_1_190' title='bbox 173 1953 222 1990; x_wconf 85' lang='lat' dir='ltr'>lia</span> <span class='ocrx_word' id='word_1_191' title='bbox 243 1953 339 1989; x_wconf 85' lang='lat' dir='ltr'>facta</span> <span class='ocrx_word' id='word_1_192' title='bbox 359 1961 427 1989; x_wconf 86' lang='lat' dir='ltr'>est.</span> 
     </span>
    </p>

    <p class='ocr_par' dir='ltr' id='par_1_20' title="bbox 174 2013 1573 2122">
     <span class='ocr_line' id='line_1_29' title="bbox 226 2013 1573 2064; baseline 0.001 -14"><span class='ocrx_word' id='word_1_193' title='bbox 226 2013 328 2050; x_wconf 79' lang='lat' dir='ltr'>Obiit</span> <span class='ocrx_word' id='word_1_194' title='bbox 346 2014 545 2051; x_wconf 86' lang='lat' dir='ltr'>Anselmus</span> <span class='ocrx_word' id='word_1_195' title='bbox 567 2013 768 2063; x_wconf 70' lang='lat' dir='ltr'>Cantuarie</span> <span class='ocrx_word' id='word_1_196' title='bbox 790 2013 1108 2064; x_wconf 80' lang='lat' dir='ltr'>archiepiscopus.</span> <span class='ocrx_word' id='word_1_197' title='bbox 1130 2016 1174 2049; x_wconf 89' lang='lat' dir='ltr'>Et·</span> <span class='ocrx_word' id='word_1_198' title='bbox 1188 2016 1300 2063; x_wconf 81' lang='lat' dir='ltr'>Hugo</span> <span class='ocrx_word' id='word_1_199' title='bbox 1319 2013 1573 2051; x_wconf 81' lang='lat' dir='ltr'>cluniacensis</span> 
     </span>
     <span class='ocr_line' id='line_1_30' title="bbox 174 2075 894 2122; baseline -0.001 -10"><span class='ocrx_word' id='word_1_200' title='bbox 174 2075 290 2112; x_wconf 84' lang='lat' dir='ltr'>abbas</span> <span class='ocrx_word' id='word_1_201' title='bbox 310 2076 425 2122; x_wconf 88' lang='lat' dir='ltr'>obiit,</span> <span class='ocrx_word' id='word_1_202' title='bbox 451 2076 510 2112; x_wconf 90' lang='lat' dir='ltr'>cui</span> <span class='ocrx_word' id='word_1_203' title='bbox 533 2075 686 2112; x_wconf 87' lang='lat' dir='ltr'>Pontius</span> <span class='ocrx_word' id='word_1_204' title='bbox 707 2075 894 2112; x_wconf 86' lang='lat' dir='ltr'>successit.</span> 
     </span>
    </p>

    <p class='ocr_par' dir='ltr' id='par_1_21' title="bbox 173 2136 1568 2236">
     <span class='ocr_line' id='line_1_31' title="bbox 228 2136 1568 2185; baseline 0.001 -11"><span class='ocrx_word' id='word_1_205' title='bbox 228 2140 344 2177; x_wconf 83' lang='grc'>1110,</span> <span class='ocrx_word' id='word_1_206' title='bbox 376 2141 546 2175; x_wconf 85' lang='lat' dir='ltr'>Cometes</span> <span class='ocrx_word' id='word_1_207' title='bbox 567 2138 647 2174; x_wconf 78' lang='lat' dir='ltr'>visa</span> <span class='ocrx_word' id='word_1_208' title='bbox 668 2145 722 2174; x_wconf 84' lang='lat' dir='ltr'>est</span> <span class='ocrx_word' id='word_1_209' title='bbox 743 2150 763 2174; x_wconf 87' lang='lat' dir='ltr'>a</span> <span class='ocrx_word' id='word_1_210' title='bbox 790 2151 850 2173; x_wconf 88' lang='lat'>1111</span> <span class='ocrx_word' id='word_1_211' title='bbox 870 2136 955 2173; x_wconf 81' lang='lat' dir='ltr'>i‹l·us</span> <span class='ocrx_word' id='word_1_212' title='bbox 969 2136 1065 2183; x_wconf 88' lang='lat' dir='ltr'>junii</span> <span class='ocrx_word' id='word_1_213' title='bbox 1087 2148 1208 2185; x_wconf 85' lang='lat' dir='ltr'>usque</span> <span class='ocrx_word' id='word_1_214' title='bbox 1227 2149 1256 2172; x_wconf 94' lang='lat'>11</span> <span class='ocrx_word' id='word_1_215' title='bbox 1277 2136 1453 2174; x_wconf 85' lang='lat' dir='ltr'>kalendas</span> <span class='ocrx_word' id='word_1_216' title='bbox 1470 2137 1568 2184; x_wconf 89' lang='lat' dir='ltr'>julii.</span> 
     </span>
     <span class='ocr_line' id='line_1_32' title="bbox 173 2197 991 2236; baseline -0.004 1"><span class='ocrx_word' id='word_1_217' title='bbox 173 2221 225 2227; x_wconf 92' lang='lat'>—</span> <span class='ocrx_word' id='word_1_218' title='bbox 248 2200 373 2236; x_wconf 88' lang='lat' dir='ltr'>Helias</span> <span class='ocrx_word' id='word_1_219' title='bbox 394 2202 722 2236; x_wconf 79' lang='lat' dir='ltr'>cenomannorum</span> <span class='ocrx_word' id='word_1_220' title='bbox 742 2211 867 2235; x_wconf 88' lang='lat' dir='ltr'>comes</span> <span class='ocrx_word' id='word_1_221' title='bbox 886 2197 991 2235; x_wconf 90' lang='lat' dir='ltr'>obiit.</span> 
     </span>
    </p>

    <p class='ocr_par' dir='ltr' id='par_1_22' title="bbox 176 2259 1572 2362">
     <span class='ocr_line' id='line_1_33' title="bbox 227 2259 1572 2311; baseline -0.001 -12"><span class='ocrx_word' id='word_1_222' title='bbox 227 2262 326 2300; x_wconf 89' lang='lat' dir='ltr'>Obiit</span> <span class='ocrx_word' id='word_1_223' title='bbox 349 2262 559 2299; x_wconf 84' lang='lat' dir='ltr'>Willehnus</span> <span class='ocrx_word' id='word_1_224' title='bbox 596 2261 882 2311; x_wconf 81' lang='lat' dir='ltr'>Rotomagensis</span> <span class='ocrx_word' id='word_1_225' title='bbox 921 2259 1250 2310; x_wconf 82' lang='lat' dir='ltr'>archiepiscopus;</span> <span class='ocrx_word' id='word_1_226' title='bbox 1289 2261 1348 2298; x_wconf 89' lang='lat' dir='ltr'>cui</span> <span class='ocrx_word' id='word_1_227' title='bbox 1396 2261 1572 2299; x_wconf 79' lang='lat' dir='ltr'>successit</span> 
     </span>
     <span class='ocr_line' id='line_1_34' title="bbox 176 2323 1027 2362; baseline -0.002 0"><span class='ocrx_word' id='word_1_228' title='bbox 176 2324 397 2362; x_wconf 82' lang='lat' dir='ltr'>Goissredus</span> <span class='ocrx_word' id='word_1_229' title='bbox 418 2324 516 2361; x_wconf 79' lang='lat' dir='ltr'>brito</span> <span class='ocrx_word' id='word_1_230' title='bbox 536 2323 827 2361; x_wconf 89' lang='lat' dir='ltr'>Cenomanensis</span> <span class='ocrx_word' id='word_1_231' title='bbox 851 2323 1027 2360; x_wconf 86' lang='lat' dir='ltr'>decanus.</span> 
     </span>
    </p>

    <p class='ocr_par' dir='ltr' id='par_1_23' title="bbox 228 2385 841 2425">
     <span class='ocr_line' id='line_1_35' title="bbox 228 2385 841 2425; baseline -0.005 -1"><span class='ocrx_word' id='word_1_232' title='bbox 228 2389 344 2424; x_wconf 84' lang='lat'>1111.</span> <span class='ocrx_word' id='word_1_233' title='bbox 376 2386 617 2424; x_wconf 78' lang='lat' dir='ltr'>Boamundus</span> <span class='ocrx_word' id='word_1_234' title='bbox 639 2386 716 2422; x_wconf 83' lang='lat' dir='ltr'>dux</span> <span class='ocrx_word' id='word_1_235' title='bbox 735 2385 841 2425; x_wconf 85' lang='lat' dir='ltr'>obiit.</span> 
     </span>
    </p>

    <p class='ocr_par' dir='ltr' id='par_1_24' title="bbox 227 2446 1140 2499">
     <span class='ocr_line' id='line_1_36' title="bbox 227 2446 1140 2499; baseline -0.004 -13"><span class='ocrx_word' id='word_1_236' title='bbox 227 2450 393 2486; x_wconf 85' lang='lat' dir='ltr'>Karolus</span> <span class='ocrx_word' id='word_1_237' title='bbox 412 2450 617 2499; x_wconf 85' lang='lat' dir='ltr'>imperator</span> <span class='ocrx_word' id='word_1_238' title='bbox 635 2447 851 2485; x_wconf 84' lang='lat' dir='ltr'>Paschalem</span> <span class='ocrx_word' id='word_1_239' title='bbox 873 2458 1008 2496; x_wconf 86' lang='lat' dir='ltr'>papam</span> <span class='ocrx_word' id='word_1_240' title='bbox 1029 2446 1140 2496; x_wconf 27' lang='lat' dir='ltr'>cepit*</span> 
     </span>
    </p>

    <p class='ocr_par' dir='ltr' id='par_1_25' title="bbox 230 2510 1061 2558">
     <span class='ocr_line' id='line_1_37' title="bbox 230 2510 1061 2558; baseline -0.002 -10"><span class='ocrx_word' id='word_1_241' title='bbox 230 2514 346 2549; x_wconf 73' lang='grc'>1112.</span> <span class='ocrx_word' id='word_1_242' title='bbox 378 2510 578 2548; x_wconf 71' lang='lat' dir='ltr'>Boibertus</span> <span class='ocrx_word' id='word_1_243' title='bbox 600 2510 646 2547; x_wconf 89' lang='lat' dir='ltr'>de</span> <span class='ocrx_word' id='word_1_244' title='bbox 662 2510 824 2546; x_wconf 90' lang='lat' dir='ltr'>Belismo</span> <span class='ocrx_word' id='word_1_245' title='bbox 844 2516 973 2558; x_wconf 85' lang='lat' dir='ltr'>captus</span> <span class='ocrx_word' id='word_1_246' title='bbox 993 2516 1061 2547; x_wconf 88' lang='lat' dir='ltr'>est.</span> 
     </span>
    </p>

    <p class='ocr_par' dir='ltr' id='par_1_26' title="bbox 176 2569 1569 2745">
     <span class='ocr_line' id='line_1_38' title="bbox 229 2569 1565 2620; baseline 0 -10"><span class='ocrx_word' id='word_1_247' title='bbox 229 2573 329 2610; x_wconf 89' lang='lat' dir='ltr'>Obiit</span> <span class='ocrx_word' id='word_1_248' title='bbox 353 2573 583 2610; x_wconf 87' lang='lat' dir='ltr'>Gislebertus</span> <span class='ocrx_word' id='word_1_249' title='bbox 610 2571 844 2609; x_wconf 83' lang='lat' dir='ltr'>Ebroicensis</span> <span class='ocrx_word' id='word_1_250' title='bbox 880 2570 1077 2620; x_wconf 85' lang='lat' dir='ltr'>episcopus</span> <span class='ocrx_word' id='word_1_251' title='bbox 1104 2577 1140 2607; x_wconf 87' lang='lat' dir='ltr'>et</span> <span class='ocrx_word' id='word_1_252' title='bbox 1171 2569 1340 2608; x_wconf 87' lang='lat' dir='ltr'>Audinus</span> <span class='ocrx_word' id='word_1_253' title='bbox 1377 2572 1565 2610; x_wconf 88' lang='lat' dir='ltr'>successit.</span> 
     </span>
     <span class='ocr_line' id='line_1_39' title="bbox 176 2632 1569 2686; baseline -0.001 -13"><span class='ocrx_word' id='word_1_254' title='bbox 176 2636 289 2683; x_wconf 86' lang='lat' dir='ltr'>Cujus</span> <span class='ocrx_word' id='word_1_255' title='bbox 318 2644 486 2686; x_wconf 88' lang='lat' dir='ltr'>tempore</span> <span class='ocrx_word' id='word_1_256' title='bbox 516 2634 737 2685; x_wconf 84' lang='lat' dir='ltr'>episcopalis</span> <span class='ocrx_word' id='word_1_257' title='bbox 762 2633 919 2671; x_wconf 85' lang='lat' dir='ltr'>ecclesia</span> <span class='ocrx_word' id='word_1_258' title='bbox 949 2645 1034 2669; x_wconf 86' lang='lat' dir='ltr'>cum</span> <span class='ocrx_word' id='word_1_259' title='bbox 1066 2640 1142 2669; x_wconf 83' lang='lat' dir='ltr'>tota</span> <span class='ocrx_word' id='word_1_260' title='bbox 1170 2632 1265 2670; x_wconf 87' lang='lat' dir='ltr'>urbe</span> <span class='ocrx_word' id='word_1_261' title='bbox 1302 2633 1495 2672; x_wconf 86' lang='lat' dir='ltr'>combusta</span> <span class='ocrx_word' id='word_1_262' title='bbox 1515 2644 1569 2672; x_wconf 86' lang='lat' dir='ltr'>est</span> 
     </span>
     <span class='ocr_line' id='line_1_40' title="bbox 178 2694 1563 2745; baseline 0 -11"><span class='ocrx_word' id='word_1_263' title='bbox 178 2698 265 2735; x_wconf 85' lang='lat' dir='ltr'>dum</span> <span class='ocrx_word' id='word_1_264' title='bbox 282 2697 490 2734; x_wconf 81' lang='lat' dir='ltr'>Amalricus</span> <span class='ocrx_word' id='word_1_265' title='bbox 505 2709 627 2734; x_wconf 84' lang='lat' dir='ltr'>arcem</span> <span class='ocrx_word' id='word_1_266' title='bbox 650 2704 781 2733; x_wconf 82' lang='lat' dir='ltr'>contra</span> <span class='ocrx_word' id='word_1_267' title='bbox 796 2694 999 2732; x_wconf 88' lang='lat' dir='ltr'>Henricum</span> <span class='ocrx_word' id='word_1_268' title='bbox 1012 2707 1137 2745; x_wconf 79' lang='lat' dir='ltr'>regem</span> <span class='ocrx_word' id='word_1_269' title='bbox 1153 2695 1384 2733; x_wconf 85' lang='lat' dir='ltr'>obsidentem</span> <span class='ocrx_word' id='word_1_270' title='bbox 1402 2697 1563 2734; x_wconf 91' lang='lat' dir='ltr'>tenebat.</span> 
     </span>
    </p>
   </div>
  </div>
 </body>
</html>
