2081 3408
759 287 1020 323 APPFNDIX.
1508 285 1584 320 203

194 387 275 411 mea
290 374 529 410 confirmasse
541 375 681 411 Garino
695 375 818 412 abbati
834 384 868 411 et
883 374 1072 411 monachis
1087 373 1132 409 de
1147 381 1273 409 sancto
1286 372 1441 409 Ehrnlfo
1455 385 1585 410 omnes

192 435 396 479 libertates,
428 436 617 481 ecclesias,
654 437 834 482 decimas,
870 437 1055 481 redditus,
1088 436 1258 471 homines
1285 443 1319 471 et
1346 443 1462 470 terras
1494 447 1585 483 quas

190 508 263 535 tam
286 497 354 546 ipsi
377 506 411 533 et
436 498 563 534 fideles
584 499 638 534 sui
661 500 784 535 clerici
810 508 843 535 ct
864 499 945 535 iaici
968 512 1078 548 quam
1102 498 1210 534 etiam
1237 497 1497 546 progenitores
1518 509 1585 532 eo-

191 572 273 595 rum
295 562 404 610 Hugn
427 569 462 596 et
484 561 669 597 Robertus
691 562 736 597 de
757 561 1027 598 Grentemesnil
1050 569 1085 596 ct
1103 562 1162 596 W.
1188 561 1396 595 Geroianus
1417 558 1585 608 predicto

190 621 416 656 monasterio
441 620 677 658 donaverunt
707 622 938 672 temporibus
964 621 1141 657 Willeimi
1162 621 1276 670 patris
1297 620 1368 655 mei
1391 620 1486 669 regis
1506 623 1586 655 An-

190 681 338 732 giorum
370 695 405 719 et
435 684 540 730 meis,
571 686 651 734 ipso
678 685 906 721 concedente
935 693 970 720 ct
1002 684 1263 727 confirmante,
1295 683 1331 718 in
1363 681 1586 731 (piibushec

187 745 351 794 propriis
373 746 618 795 exprimenda
640 747 730 783 duxi
757 747 973 792 vocabulis3
1000 746 1193 782 ecclesiam
1226 744 1398 780 videlicet
1428 743 1473 779 de
1504 746 1585 779 Nu-

187 815 296 843 cento
316 821 400 843 cum
425 809 599 844 omnibus
622 810 861 859 pertinenciis
887 809 986 853 suis3
1008 808 1202 844 ecclesiam
1234 807 1279 843 de
1311 805 1584 843 Grentemesnil

186 881 271 904 cum
303 869 477 905 omnibus
499 871 740 920 pertinenciis
764 871 853 913 suis,
877 878 911 905 et
936 870 971 905 in
994 869 1106 904 bosco
1128 867 1293 913 ejusdem
1318 866 1406 902 ville
1435 866 1584 916 plenam

188 928 393 977 decimam,
422 930 467 967 de
496 931 712 968 venditione
745 932 919 968 ridelicet
951 938 987 966 ct
1023 930 1203 979 pasnagio
1224 938 1258 965 et
1284 927 1463 978 herbagio
1485 936 1519 963 et
1539 927 1586 964 de

187 990 363 1027 omnibus
397 992 578 1028 fructibus
604 993 667 1042 qui
704 1007 750 1029 ex
782 993 834 1029 eis
863 1000 1039 1041 poterunt
1067 990 1292 1040 provenire3
1322 989 1515 1025 ecclesiam
1539 989 1585 1025 de

187 1054 356 1103 Lovigne
380 1067 464 1090 cum
488 1055 662 1090 omnibus
686 1054 839 1091 decimis
867 1063 901 1090 et
929 1053 1037 1089 terris
1064 1061 1099 1088 et
1119 1053 1200 1088 aliis
1221 1051 1462 1101 pertinenciis
1487 1051 1582 1097 suis3

186 1114 289 1163 apud
303 1119 423 1151 Bai-ou
440 1115 531 1152 duas
551 1124 674 1165 partes
690 1116 808 1152 tocius
829 1115 972 1151 decime
993 1113 1090 1150 feodi
1105 1113 1149 1150 de
1167 1112 1438 1149 Grentemesnil
1457 1127 1464 1157 3
1485 1112 1585 1161 apud

185 1174 267 1211 Abe
288 1176 414 1212 villam
434 1176 526 1213 duas
547 1186 671 1226 partes
692 1177 809 1213 tocius
825 1176 967 1213 decime
988 1188 1234 1211 vavassorum
1253 1173 1395 1209 domini
1417 1173 1584 1219 ejusdem

185 1236 275 1273 ville
299 1245 334 1273 et
355 1237 497 1274 domini
517 1238 562 1274 de
582 1239 648 1274 Val
667 1239 731 1275 des
749 1242 870 1289 Loge3
895 1238 932 1274 in
949 1236 1059 1273 feodo
1074 1236 1265 1273 Landonis
1283 1243 1317 1272 et
1336 1235 1373 1270 in
1386 1234 1496 1270 sendo
1515 1234 1586 1270 do-

185 1298 275 1334 mini
297 1299 342 1336 de
363 1303 486 1336 Barou
517 1301 617 1349 quod
638 1300 685 1337 ad
707 1299 982 1338 Grentemesnil
1010 1298 1172 1349 pertinet
1202 1298 1293 1333 duas
1317 1305 1441 1346 partes
1468 1296 1586 1333 tocius

185 1358 350 1407 decime3
376 1361 571 1398 ecclesiam
593 1362 639 1399 de
664 1366 767 1399 Mont
797 1362 927 1399 Calvet
950 1374 1035 1397 cum
1062 1359 1237 1396 omnibus
1263 1357 1416 1395 decimis
1449 1365 1483 1394 et
1505 1358 1586 1394 aliis

184 1421 426 1470 pertinenciis
445 1424 542 1470 suis3
566 1423 611 1460 de
636 1424 744 1461 donis
765 1432 890 1461 autem
910 1423 1207 1466 Geroianorum,
1244 1419 1438 1457 ecclesiam
1470 1420 1586 1456 sancti

184 1482 334 1520 Andree
356 1484 402 1520 de
422 1485 620 1521 Esclialfou
641 1500 727 1522 cum
758 1485 910 1536 capellis
937 1494 973 1520 et
994 1483 1147 1521 decimis
1169 1483 1326 1532 aliisque
1344 1481 1586 1531 pertinenciis

184 1545 276 1589 suis,
301 1553 337 1582 et
356 1546 392 1582 in
413 1546 544 1583 eadem
566 1547 656 1584 villa
683 1547 827 1584 decima
845 1547 963 1583 tocius
982 1545 1234 1596 prepositure,
1258 1543 1421 1580 thelonei
1443 1551 1478 1578 et
1499 1556 1586 1578 om-

183 1605 287 1642 nium
310 1606 524 1644 reddituum
546 1616 582 1645 et
603 1609 771 1645 exituum
791 1609 855 1657 qui
875 1621 922 1645 ex
939 1621 982 1644 ea
1003 1615 1038 1643 et
1057 1606 1293 1657 pertinentiis
1310 1606 1389 1652 ejus
1409 1612 1587 1654 poterunt

183 1669 406 1717 pervenire3
428 1670 612 1707 decimam
633 1684 784 1720 quoque
805 1671 942 1707 foreste
968 1669 1138 1716 ejusdem
1166 1668 1276 1713 ville,
1297 1667 1343 1704 de
1368 1666 1584 1703 venditione

184 1730 342 1779 scilicet,
366 1733 569 1783 pasnagiO,
592 1733 813 1781 venacione,
850 1732 1005 1769 hai-acio
1024 1740 1059 1768 et
1078 1730 1261 1782 herbagio
1283 1738 1318 1766 et
1338 1729 1384 1766 de
1410 1728 1584 1766 omnibus

182 1792 365 1830 fructibus
394 1795 458 1843 qui
484 1808 531 1832 ex
559 1808 602 1831 ea
622 1803 800 1845 poterunt
832 1794 1050 1844 provenire,
1087 1793 1198 1830 etiam
1237 1792 1267 1828 si
1298 1791 1343 1827 ad
1376 1790 1585 1841 agricultu-

184 1867 262 1890 ram
284 1857 451 1903 venerst,
473 1865 509 1893 et
525 1856 749 1906 herbagium
765 1859 815 1902 (⁶2)
837 1865 873 1893 et
893 1856 1115 1906 pasnagium
1137 1855 1183 1891 ad
1204 1867 1339 1904 porcos
1365 1866 1451 1889 suos
1477 1861 1512 1888 et
1537 1852 1584 1889 ad

183 1915 256 1952 alia
276 1917 401 1953 averia
417 1931 498 1962 sua,
518 1918 713 1967 ipsamque
735 1918 913 1954 forestam
944 1917 990 1954 ad
1009 1916 1209 1966 calsagium
1237 1925 1271 1952 et
1290 1914 1583 1963 herbergagium

183 1989 293 2013 suum
313 1986 347 2013 et
368 1978 565 2014 domorum
590 1992 741 2015 suarum
760 1988 795 2015 et
811 1979 1051 2015 ecclesiarum
1073 1977 1349 2014 edificationem
1371 1984 1407 2011 et
1427 1976 1584 2012 manerii

184 2037 242 2074 sui
265 2037 310 2074 de
329 2039 453 2075 Veteri
474 2039 605 2075 Mesnil
633 2047 667 2075 et
697 2038 742 2075 ad
771 2039 983 2076 necessaria
1013 2038 1154 2083 omnia,
1181 2046 1254 2073 tam
1287 2037 1332 2073 de
1353 2036 1442 2072 vivo
1468 2035 1582 2073 bosco

183 2111 295 2147 quam
331 2100 376 2136 de
408 2109 572 2145 mortuo,
606 2100 747 2150 absque
775 2101 996 2138 liberatione
1034 2099 1318 2136 forestariorum
1346 2098 1404 2134 vel
1429 2106 1583 2134 contra-

183 2159 346 2197 dictione
365 2161 539 2208 aiicujus;
562 2161 663 2212 apud
682 2166 859 2200 Sanctum
878 2161 1068 2199 Andrean]
1089 2160 1343 2196 vavassoriam
1363 2172 1476 2195 unam
1496 2173 1581 2196 cum

183 2222 294 2258 feodo
330 2222 376 2259 de
406 2223 574 2259 Rocheio
603 2232 639 2259 et
666 2223 711 2260 de
735 2224 849 2273 'Nigra
869 2228 991 2272 Aqua3
1017 2222 1208 2258 ecclesiam
1248 2221 1364 2257 sancti
1405 2221 1504 2257 Petri
1535 2221 1580 2259 de

184 2284 289 2321 mdis
305 2298 390 2321 cum
411 2285 565 2321 decimis
586 2293 621 2322 et
642 2285 723 2322 aliis
738 2285 979 2335 pertinenciis
1003 2285 1077 2321 suis
1091 2300 1100 2331 ;
1116 2283 1217 2334 apud
1238 2287 1412 2321 Sanctum
1434 2284 1582 2320 Sereni-

185 2345 285 2383 cium
305 2347 498 2384 ecelesiam
519 2361 602 2383 cum
624 2347 799 2384 omnibus
827 2347 982 2384 decimis
1000 2355 1037 2383 et
1058 2346 1227 2383 manerio
1252 2345 1525 2382 monachorum
1546 2353 1582 2383 et

186 2409 295 2446 terris
319 2418 354 2446 et
372 2410 452 2447 aliis
472 2410 708 2460 pertinentiis
728 2411 803 2448 suis
824 2419 860 2447 et
891 2410 1032 2448 decima
1066 2422 1214 2446 annone
1248 2417 1283 2446 et
1316 2409 1514 2446 vinearum
1546 2417 1581 2446 et

230 2607 284 2650 (1)
309 2606 378 2641 Sic.

233 2660 278 2707 (⁶2)
308 2662 370 2696 Les
387 2671 474 2696 mots
491 2664 586 2695 etiam
602 2663 629 2693 .ςὶ
645 2675 678 2696 a.
696 2676 727 2698 α,
743 2676 770 2698 ν.
785 2676 815 2695 e.
835 2662 1017 2707 herbagium
1035 2670 1095 2694 ont
1111 2663 1164 2695 ete
1179 2661 1297 2694 recrits
1312 2673 1369 2694 sur
1382 2673 1429 2694 un
1444 2659 1580 2694 endroit

186 2719 306 2762 gratte.
