2081 3408
188 257 322 305 [1137]
569 258 711 293 LIBER
738 257 939 294 TERTIUS
968 257 1196 293 DECIMUS.
1539 260 1582 296 81

250 347 389 389 XXX.
438 345 586 390 Tertia
620 346 879 408 septimana
913 345 1086 402 martii,
1123 344 1385 408 Stephanus
1420 362 1500 391 rex
1539 346 1586 391 in

186 421 523 466 Normauniam
564 423 705 467 venit.
757 424 879 483 Ogas
913 422 983 483 (1)
1015 438 1123 466 cum
1159 439 1330 484 magno
1363 423 1589 469 comitatu

185 497 423 561 applicuit.
467 498 607 560 Cujus
656 498 859 544 adventu
915 498 1074 544 audito
1095 535 1104 552 ,
1152 516 1411 563 pauperum
1458 499 1590 564 plebs

184 577 419 637 integrum
443 591 621 620 annum
645 592 868 639 oppressa
891 585 936 620 et
958 575 1166 621 desolata
1190 577 1425 623 exultavit.

250 653 428 699 Eodem
449 663 678 716 tempore,
699 652 975 699 Guillelmus
996 654 1338 699 Pictavensium
1358 654 1475 711 dux,
1498 672 1592 702 me-

183 746 288 774 mor
330 730 563 776 malorum
614 745 717 792 quae
751 745 901 791 nuper
943 729 987 774 in
1040 731 1330 777 Normannia
1371 742 1591 794 operatus

183 816 278 864 est,
307 807 579 869 poenitentia
613 816 797 863 motus,
824 804 882 849 ad
909 815 1126 851 sanctum
1150 806 1378 852 Jacobum
1399 825 1593 870 peregre

184 884 421 946 profectus
441 893 523 929 est.
554 882 756 937 Deinde,
787 882 900 927 seria
921 898 968 927 VI
991 899 1261 945 parasceve,
1285 902 1312 929 v
1341 884 1443 930 idus
1467 886 1592 948 apri-

183 961 259 1017 lis,
302 977 428 1007 sacra
464 960 801 1006 communione
846 959 1051 1005 munitus
1088 970 1184 1017 est,
1231 970 1276 1006 et
1316 971 1423 1006 ante
1463 978 1592 1007 aram

184 1037 307 1082 beati
336 1039 537 1100 apostoli
570 1035 900 1083 venerabiliter
926 1035 1174 1082 defunctus
1200 1047 1267 1082 est
1300 1038 1387 1099 (2).
1427 1039 1588 1085 Filiam

185 1130 297 1159 vero
329 1131 460 1159 suam
496 1113 736 1160 Ludovico
764 1113 933 1178 juveni
972 1116 1262 1159 Francorum
1287 1115 1381 1176 regi
1406 1115 1451 1159 in
1478 1132 1592 1160 con-

179 1190 339 1252 jugem
368 1190 467 1235 (lari
493 1192 733 1254 praecepit,
766 1194 1017 1256 ipsumque
1041 1207 1197 1253 regem
1222 1191 1361 1236 totius
1377 1191 1494 1253 juris
1524 1192 1596 1236 sui

184 1267 409 1312 heredem
432 1268 686 1314 constituit.
718 1270 861 1325 Quod
888 1269 949 1314 ita
974 1277 1135 1332 postea
1160 1268 1333 1313 factum
1359 1279 1444 1314 est.

248 1344 453 1400 Quidam
479 1347 862 1391 Norlnannorum
895 1362 1114 1409 proceres
1138 1346 1183 1390 in
1210 1345 1504 1408 Stephanum
1529 1363 1597 1392 re-

185 1438 289 1482 gem
311 1421 483 1468 turbati
509 1433 633 1481 sunt,
662 1434 827 1469 contra
853 1440 971 1486 quos
990 1421 1048 1467 ab
1074 1423 1175 1485 ipso
1203 1423 1366 1468 Franci
1392 1433 1437 1468 et
1461 1423 1596 1469 Flan-

185 1499 374 1545 drenses
395 1501 521 1546 asciti
542 1511 664 1546 sunt.
692 1506 741 1547 ln
767 1502 910 1553 maio,
930 1500 1196 1563 Stephanus
1222 1516 1300 1545 rex
1319 1517 1427 1545 cum
1446 1500 1597 1546 Ludo-

182 1577 285 1622 vico
312 1592 417 1638 rege
442 1577 732 1641 colloquium
754 1578 936 1637 habuit,
970 1578 1268 1623 Normauniae
1289 1577 1512 1623 ducatum
1534 1576 1593 1623 ab

183 1654 284 1716 ipso
310 1659 415 1715 jure
449 1655 643 1718 recepit,
667 1666 711 1700 et
735 1655 885 1701 foedus
918 1655 1155 1713 amicitiae,
1179 1654 1297 1699 sicut
1328 1664 1594 1700 antecessor

184 1731 282 1792 ejus
311 1741 547 1790 tenuerat,
580 1734 768 1795 pepigit.
804 1733 1020 1778 Securior
1052 1732 1208 1794 itaque
1238 1732 1488 1789 remeavit,
1518 1749 1593 1777 re-

185 1805 433 1853 bellantem
473 1808 713 1854 Rabellum
750 1809 917 1855 bellico
960 1809 1132 1854 robore
1171 1809 1391 1871 impetiit7
1428 1819 1473 1854 et
1507 1825 1592 1871 op-

185 1884 294 1946 pida
335 1886 432 1946 ejus
469 1885 638 1932 Julian]
676 1890 854 1933 Bonam
887 1887 1176 1950 Vileriasque
1218 1897 1263 1932 et
1298 1887 1589 1932 Mansionem

186 1960 367 2005 Odonis
392 1961 573 2006 obsedit
599 1964 669 2024 (3)
688 2000 697 2016 ,
725 1973 770 2008 et
796 1981 878 2026 per
899 1980 945 2008 se
978 1973 1059 2008 aut
1087 1980 1169 2025 per
1192 1963 1457 2007 auxiliarios
1481 1978 1590 2008 cum

187 2036 373 2082 familiis
397 2039 490 2082 suis
520 2038 640 2083 ferro
668 2048 712 2083 et
738 2039 925 2085 flamma
951 2040 1248 2102 expugnavit.

249 2116 376 2159 Tunc
417 2114 656 2160 Jossredus
703 2116 1048 2178 Andegavensis
1093 2132 1202 2161 cum
1237 2115 1591 2177 quadringentis

230 2326 279 2371 (1)
309 2327 355 2360 La
373 2328 534 2373 Hougue.

231 2386 281 2431 (⁵2)
309 2388 356 2419 Le
371 2386 540 2420 vendredi
557 2388 664 2431 saint,
683 2389 703 2421 9
722 2387 807 2420 avril
828 2388 929 2422 1137.

232 2444 283 2489 (3)
311 2446 513 2479 Lillebonnc
537 2459 579 2478 ne
602 2446 744 2491 pouvait
769 2446 969 2491 appartenir
989 2459 1032 2478 au
1057 2446 1271 2479 chambellan
1294 2445 1414 2478 Rabel.
1442 2445 1585 2480 C'etait:

182 2502 270 2534 sedes
298 2504 387 2546 regia
401 2530 408 2543 ,
437 2517 455 2535 a
483 2503 619 2535 dominis
643 2507 901 2536 ll'ormalmormn
930 2504 1057 2535 mullum
1086 2513 1192 2535 amala
1221 2512 1251 2535 et
1269 2505 1485 2550 frequentata
1498 2530 1506 2545 ‚
1537 2503 1587 2536 dit

183 2563 313 2596 Robert
331 2563 377 2595 (lu
394 2564 507 2603 Mont,
524 2563 611 2596 dans
627 2576 661 2596 sa
679 2563 885 2607 chronique,
899 2566 915 2595 a
932 2563 1066 2596 l'annee
1083 2565 1093 2596 1
1109 2565 1182 2597 16¹.
1200 2563 1262 2596 Les
1281 2571 1369 2596 mots
1383 2562 1502 2609 oppida
1520 2564 1587 2607 ejus

184 2635 225 2654 ne
243 2632 388 2666 peuvent
408 2622 500 2655 (lonc
522 2636 581 2668 pas
603 2623 812 2668 s'appliquer
830 2626 845 2654 a
864 2635 900 2654 ce
918 2622 1072 2655 chateau.
1100 2622 1130 2655 Il
1155 2631 1202 2655 est
1217 2622 1385 2667 probable
1401 2634 1467 2666 que
1486 2630 1587 2654 notre

182 2690 304 2714 auteur
316 2682 425 2714 l'aura
441 2682 621 2715 confondu
640 2695 721 2715 avec
737 2682 824 2715 colui
839 2681 881 2714 de
892 2681 1109 2714 Tancarville
1127 2682 1247 2721 nieme,
1267 2681 1352 2714 situc'*
1367 2684 1529 2725 tres-pres
1542 2679 1585 2713 (le

183 2738 226 2771 la.
245 2757 292 2764 —-
305 2738 693 2782 Villers-Chanmellau,
712 2742 789 2783 pres
807 2738 959 2771 Duclair.
977 2756 1024 2763 -
1040 2735 1212 2770 Mesidon.

391 2817 416 2839 v
1350 2803 1371 2836 6
