2081 3408
746 245 1005 282 APPENDIX.
1496 253 1512 286 1
1523 253 1570 287 57

233 330 348 366 10-17.
381 327 526 364 Bellum
544 327 644 378 apud
663 329 826 366 Vallium
846 333 987 368 Dunas.

232 392 347 427 1048.
382 393 564 426 Damasus
594 403 704 440 papa.

232 453 345 487 1049.
382 452 463 487 Hoc
482 464 581 487 anno
604 455 679 488 Leo
702 465 799 502 papa
819 453 1020 490 concilium
1042 454 1166 491 Remis
1186 455 1333 497 habuit.

231 514 345 549 1050.
378 515 598 549 Restaurata
613 513 681 549 suit
699 513 847 550 abbatia
867 514 990 552 Sancti
1012 514 1151 551 Ebrulfi
1167 547 1175 563 ‚
1192 529 1266 567 que¹
1280 531 1301 554 a
1316 519 1431 555 Danis
1452 520 1573 557 fuerat

178 573 364 610 destructa
379 603 388 620 ‚
407 581 443 610 et
461 574 613 623 quidam
633 575 861 612 venerabilis
879 576 1084 613 monachus
1096 578 1403 617 Gemmeticensis
1421 582 1573 619 nomine

176 636 451 681 Theodericus,
473 636 541 672 fuit
560 636 675 674 abbas
695 638 864 675 effectus.

232 701 348 739 1054,
379 699 523 736 Bellum
548 699 648 749 apud
670 713 773 737 mare
794 704 999 741 Mortuum.

231 765 307 798 Leo
328 774 425 811 papa
445 761 509 809 qui
529 770 565 797 et
584 764 710 798 Bruno
733 762 836 800 obiit.

230 826 346 860 1055.
380 824 559 873 Deposito
580 825 778 875 Malgerio,
801 826 976 862 successit
992 825 1186 862 Maurilius
1204 829 1492 879 Rotomagensis
1509 843 1574 867 ar-

177 885 452 935 cliiepiscopus.

231 950 346 984 10:56.
381 947 481 983 Obiit
500 948 685 997 Henricus
703 951 896 985 Romanus
915 948 1136 998 imperator,
1159 950 1219 986 cui
1239 951 1415 988 successit
1433 954 1572 991 Henri-

177 1023 242 1046 cus
263 1010 360 1046 silius
381 1010 472 1056 ejus.

231 1074 346 1108 «10:57.
379 1071 480 1107 Obiit
500 1070 626 1107 Victor
650 1083 760 1120 papa.

230 1134 345 1170 1058.
377 1132 478 1169 Obiit
500 1133 713 1182 Stephanus
733 1144 845 1182 papa.

229 1194 483 1231 Theodericus
503 1193 618 1230 abbas
639 1193 805 1244 regimen
828 1193 986 1243 ecclesie
1000 1193 1184 1231 Uticensis
1201 1194 1341 1234 dimisit
1355 1206 1391 1234 et
1408 1199 1445 1235 in
1463 1200 1575 1250 Cipro

177 1256 343 1302 secessit,
366 1255 426 1291 cui
446 1255 623 1292 successit
640 1253 826 1291 Robertus
847 1254 893 1291 de
911 1256 1218 1294 Grentemaisnil.

229 1320 345 1356 1060.
376 1317 477 1354 Obiit
504 1318 689 1356 Hem-icus
710 1331 777 1355 rex
803 1320 1047 1355 Francorum.
1078 1319 1145 1356 Cui
1177 1322 1352 1359 successit
1381 1322 1575 1374 Philippus

178 1379 274 1417 filius
297 1379 389 1426 ejus.

227 1445 308 1478 Hoc
330 1455 429 1478 anno
452 1440 642 1478 Robertus
673 1439 788 1478 abbas
818 1440 986 1491 perrexit
1014 1444 1173 1479 Romam
1202 1451 1238 1479 ct
1270 1443 1442 1482 Obernus
1472 1447 1576 1496 prior

175 1503 440 1542 Cormeliensis
466 1505 584 1541 sactus
603 1513 659 1540 est
681 1502 809 1540 abbas.

229 1565 434 1603 Nicholaus
454 1579 563 1616 papa.

226 1630 308 1665 Hoc
327 1641 426 1665 anno
443 1627 640 1665 ordinatur
661 1627 854 1665 Johannes
877 1626 1118 1665 Ain-incensis
1139 1641 1267 1667 mense
1291 1631 1506 1681 septembri.

233 1692 348 1727 1062.
380 1689 596 1726 Alexander
615 1702 713 1739 papa
728 1688 931 1727 secundus.

232 1752 347 1787 1063.
383 1754 463 1788 Hoc
483 1764 582 1788 anno
606 1750 805 1803 subjugata
827 1759 881 1788 est
907 1750 1149 1788 Cinomannis
1179 1753 1307 1790 comiti
1336 1756 1575 1794 Normanno-

179 1825 263 1848 rum
283 1812 473 1849 Willemo.

231 1872 428 1909 Dedicatio
447 1882 572 1924 sancte
595 1873 714 1924 Maritg
737 1872 1023 1924 Rotomagensis
1042 1872 1212 1923 ecclesie.

232 1935 347 1971 1065.
382 1934 483 1971 Obiit
504 1935 700 1972 Etwardus
720 1948 787 1972 rex
806 1935 1030 1987 Anglorum.

236 1998 351 2033 1066.
384 1998 538 2033 Cometa
557 1996 746 2047 apparuit.

234 2060 409 2095 Conanus
430 2071 557 2095 comes
578 2058 769 2108 Britanni?
788 2056 894 2094 obiit.

230 2121 428 2158 Willemus
448 2121 525 2158 dux
543 2124 847 2158 §oi-mannorum
864 2120 1009 2156 transiit
1028 2133 1131 2157 mare
1154 2135 1200 2157 111
1219 2120 1396 2160 kalendas
1416 2125 1577 2164 octobris

179 2195 266 2219 cum
286 2182 412 2219 valida
437 2185 742 2219 Normannorum
769 2194 896 2220 manu.
930 2182 996 2219 Cui
1022 2181 1209 2219 Heroldus
1238 2186 1398 2222 occurrit
1425 2200 1510 2224 cum
1532 2202 1577 2224 eo

179 2252 436 2295 pugnaturus,
460 2244 723 2293 commissoque
752 2242 873 2293 prelio
906 2256 933 2278 11
954 2242 1037 2279 idus
1071 2242 1247 2291 octobris,
1283 2246 1357 2282 ruit
1390 2248 1577 2286 Hcroldus

179 2305 335 2354 ejusque
355 2305 555 2342 exercitus.
580 2308 667 2341 Post
693 2305 765 2341 hoc
783 2304 981 2341 Willemus
1005 2304 1176 2341 elevatur
1203 2306 1240 2342 in
1267 2320 1394 2357 regem
1421 2309 1482 2346 die
1510 2324 1577 2348 na-

180 2366 263 2402 talis
282 2366 433 2403 Domini
453 2366 554 2417 apud
574 2365 823 2413 Londoniam,
839 2365 1048 2417 Anglorum
1074 2367 1274 2404 maximam
1296 2368 1440 2407 urbem.

231 2428 463 2465 Lanfrancus
483 2429 626 2478 primus
646 2428 933 2465 Cadomensium
967 2427 1082 2465 abbas
1120 2429 1271 2466 effectus
1291 2440 1370 2478 est,
1399 2432 1576 2472 defuncto

180 2502 254 2541 que
274 2490 444 2528 Osbemo
463 2491 639 2528 successit
656 2490 693 2527 in
717 2490 897 2541 regimine
914 2490 1146 2528 Uticensium
1166 2492 1381 2533 Mainerius.

235 2555 350 2591 1067.
380 2553 480 2591 Obiit
500 2554 695 2591 Maurilius
717 2553 1016 2605 Rotomagensis,
1039 2554 1103 2604 qui
1122 2554 1244 2592 suerat
1267 2558 1474 2596 monachus
1494 2560 1576 2598 Fis-

183 2616 393 2655 cannensis,

236 2679 351 2715 1069.
385 2677 480 2714 Huic
503 2677 679 2715 successit
696 2676 886 2715 Johannes
905 2677 1001 2715 filius
1020 2677 1171 2717 Radulfi
1195 2679 1320 2718 fratris
1341 2682 1491 2720 Ricardi
1511 2685 1574 2734 qui
