2081 3408
236 260 352 308 [Maio
376 261 490 311 1136]
627 262 771 296 LIBER
798 261 999 298 TERTIUS
1028 262 1258 300 DECIMUS.
1584 265 1629 302 61

232 350 424 393 rierunt.
463 347 604 405 Quod
637 349 905 410 Aquilenses
930 358 980 393 ut
1005 348 1107 411 ipso
1140 349 1215 395 die
1247 350 1518 407 audierunt,
1548 369 1633 415 pro

233 423 409 470 ultione
433 425 669 470 sociorum
702 441 810 469 cuni
845 424 991 469 nimio
1026 425 1181 470 surore
1206 427 1474 489 conglobati
1498 438 1631 486 sunt,

231 501 480 564 subitoque
509 503 693 547 Uticum
719 502 1055 558 convolarunt,
1083 520 1135 548 ac
1161 520 1214 548 ex
1242 505 1499 567 improviso
1526 505 1634 550 bur-

230 594 339 639 gum
360 578 703 623 SanetiEbrulli
726 578 1087 635 succenderunt,
1108 578 1264 642 ibique
1282 598 1449 625 Lxxxw
1465 581 1635 626 doinus

229 655 276 699 in
303 665 478 719 puncto
499 659 723 719 temporis
748 657 791 700 111
818 657 997 701 cineres
1015 672 1252 702 conversa:
1270 668 1392 703 sunt.
1414 659 1633 704 Monachi

230 732 392 778 flentes
436 749 689 796 campanas
728 732 1006 796 pulsabant,
1044 732 1247 795 psalmos
1288 744 1332 779 et
1364 734 1556 781 letanias
1586 737 1631 781 in

228 807 415 855 basilica
461 809 711 855 cantabant
736 847 746 868 ,
791 810 901 872 quia
940 810 1209 854 monasterii
1252 811 1485 856 excidium
1524 829 1634 858 mox

228 887 399 932 instare
415 888 483 932 sui
506 887 839 932 formidabant.
864 886 966 945 Alii,
991 885 1180 931 obviam
1204 887 1426 933 militibus
1443 891 1630 951 egressi,

227 965 580 1027 supplicabam,
608 981 716 1009 cum
742 963 956 1024 lacrymis
976 980 1073 1008 sese
1095 963 1152 1008 tle
1174 965 1420 1025 punitione
1446 983 1635 1012 reorum

228 1041 541 1093 excusabant,
579 1051 624 1086 et
660 1039 917 1084 humilibus
953 1039 1106 1084 verbis
1139 1039 1473 1100 obsecrabant,
1505 1045 1636 1089 recti-

227 1119 439 1164 tudinem
457 1135 649 1181 quoque
673 1128 716 1162 et
740 1117 1101 1163 satisfactionem
1122 1135 1208 1181 pro
1230 1129 1359 1164 reatu
1381 1120 1635 1181 legitimam

226 1194 501 1240 offerebant.
528 1198 580 1240 At
603 1194 667 1239 illi
690 1204 738 1240 ut
760 1204 968 1240 amentes
988 1194 1221 1253 furebant,
1245 1199 1457 1242 exczecati
1479 1198 1635 1245 furore

225 1273 272 1317 111
301 1271 558 1318 monachos
585 1271 845 1318 fremebant
867 1309 876 1328 ,
905 1281 950 1316 et
976 1272 1090 1316 nihil
1114 1290 1237 1318 sanae
1264 1274 1457 1319 rationis
1482 1275 1634 1321 inten-

226 1349 423 1408 debant,
452 1350 547 1395 imo
573 1349 766 1412 quidam
796 1365 961 1394 eorum
998 1349 1238 1412 religiosos
1274 1353 1356 1397 Dei
1391 1369 1550 1398 servos
1576 1354 1634 1400 tle

226 1425 415 1471 caballis
438 1426 645 1488 dejectos
663 1425 827 1470 laetlere
843 1424 1080 1470 volebant.
1105 1426 1329 1485 Tandem,
1355 1427 1532 1491 absque
1550 1431 1632 1475 Dei

226 1506 509 1563 reverentia,
538 1505 585 1549 111
616 1503 772 1548 villam
799 1502 1025 1548 assultum
1051 1503 1287 1561 feceruut,
1328 1515 1373 1550 et
1408 1506 1636 1552 violenter

225 1580 418 1643 ingressi
451 1581 600 1644 spolia
633 1589 915 1644 rapuerunt,
961 1590 1005 1625 et
1036 1579 1328 1639 habitacula,
1368 1593 1417 1628 ut
1455 1583 1634 1629 dictum

225 1669 321 1719 est,
359 1661 544 1723 penitus
576 1661 697 1705 intra
745 1668 903 1722 portas
935 1670 1374 1706 concremaverunt.
1415 1662 1636 1723 Hujusce-

225 1736 355 1781 modi
405 1737 563 1782 militia
606 1735 871 1781 xindieibus
902 1736 1140 1781 latronum
1171 1738 1338 1782 merito
1375 1738 1419 1783 111
1456 1756 1633 1802 oppro-

224 1811 383 1858 brium
407 1830 633 1859 conversa
657 1823 741 1870 est,
764 1830 865 1875 quie
889 1823 1053 1859 contra
1075 1815 1348 1860 innocentes
1373 1817 1633 1862 monachos

225 1901 270 1936 et
292 1909 455 1938 eorum
482 1892 700 1937 homines
723 1901 899 1937 armata
921 1902 1010 1951 est,
1039 1902 1081 1937 et
1108 1893 1334 1955 pessimos
1357 1893 1629 1956 plagiarios,

225 1969 306 2030 qui
340 1986 481 2014 omne
518 1970 644 2014 nefas
670 1978 938 2031 perpetrare
965 1969 1266 2030 satagebant,
1306 1970 1402 2016 ulta
1431 1980 1514 2015 est.
1558 1971 1635 2015 Ri-

226 2045 432 2101 cherius‚
468 2045 813 2091 monachorum
846 2045 1040 2103 liliolus,
1083 2046 1220 2090 talem
1256 2046 1532 2091 {annulatum
1550 2064 1632 2110 pa-

226 2123 356 2168 trinis
383 2128 422 2185 (sl
446 2133 453 2178 μ
479 2123 573 2168 51115
597 2121 834 2177 exhibuit,
872 2131 916 2166 et
940 2123 1004 2166 sic
1036 2139 1122 2184 pro
1144 2124 1300 2169 anima
1320 2125 1444 2170 Boati
1468 2125 1632 2171 famosi

226 2206 337 2251 furis
379 2216 423 2251 et
461 2204 712 2250 hmnicitlae
758 2204 1053 2265 aliorumque
1089 2204 1403 2267 impostorum
1451 2207 1628 2265 oravit,

225 2292 269 2327 et
306 2282 579 2344 hujusmodi
615 2281 902 2327 oblationem
940 2281 1143 2325 ecclesiae
1177 2281 1221 2325 in
1248 2299 1340 2344 qua
1367 2282 1492 2328 idem
1519 2283 1632 2347 bap-

224 2359 388 2404 tizatus
434 2359 583 2404 suerat
631 2357 817 2402 obtulit.
870 2357 1107 2402 Baltlricus
1147 2374 1338 2421 quoque
1375 2360 1633 2422 Aquilensis

225 2436 467 2498 presbyter
498 2435 554 2480 ad
584 2435 759 2480 facinus
785 2433 1122 2496 parrochianos
1147 2435 1406 2481 execrabile
1431 2439 1627 2500 praeivit,

224 2515 270 2559 in
291 2515 547 2577 hospitium
565 2513 753 2558 alterius
774 2512 1027 2556 sacerdotis
1044 2512 1221 2574 primus
1243 2513 1398 2575 ignem
1419 2514 1627 2566 immisit,

224 2601 268 2636 et
301 2592 365 2636 sic
404 2591 601 2654 praevius
638 2606 720 2652 per
756 2604 960 2651 praeceps
990 2588 1035 2631 in
1068 2587 1309 2634 baratrum
1335 2606 1444 2635 suos
1470 2607 1630 2635 secum

271 2749 315 2796 (l)
337 2750 395 2783 Sos
411 2748 580 2795 parrains.
