2081 3408
742 237 1002 274 APPENDIX.
1489 237 1557 271 141

233 331 320 365 117.
352 327 564 365 Hadrianus
587 325 716 364 Helius
744 326 949 375 imperator
972 323 1231 360 Jerosolimam
1264 334 1459 359 murorum
1486 335 1557 359 ex-

180 390 363 426 tructione
397 387 585 438 reparavit
615 395 651 424 et
675 386 822 423 Heliam
853 386 980 423 vocari
1012 385 1058 422 de
1088 384 1240 421 nomine
1275 398 1342 421 suo
1375 384 1558 434 precepit.

179 449 283 486 Idem
310 449 449 486 Judeos
478 447 642 485 secundo
662 447 820 484 rebelles
842 447 1057 497 perdomuit
1076 446 1205 483 ultima
1233 445 1344 491 cede,
1365 445 1488 482 ablata
1518 445 1563 481 li-

179 510 300 547 centia
321 510 530 547 Jerusalem
550 508 780 548 introeundi.

231 573 320 607 119.
351 571 487 620 Aquila
505 571 689 621 interpres
706 569 880 607 habetur.

230 633 318 668 124.
349 632 478 668 Xistus
507 644 617 682 papa.
652 632 720 668 Hic
750 630 940 667 constituit
968 643 1123 679 ymnum
1157 630 1356 667 decantare
1383 633 1558 677 Sanctus,

176 702 336 741 sanctus,
355 702 517 739 sanctus,
543 693 579 729 in
600 693 722 729 officio
742 693 868 742 misse.

232 756 321 792 134.
351 754 598 804 Telesphorus
616 767 726 804 papa.
762 754 830 791 Hie
853 752 1042 789 constituit
1065 765 1218 801 ymnum
1237 752 1447 804 angelicum
1468 765 1562 789 can-

177 815 246 851 tari
268 819 396 852 Gloria
415 821 451 851 [ἠ
470 819 623 851 excelsis
640 819 718 852 Deo
741 814 872 852 diebus
896 813 1012 853 sestis,

231 879 319 914 138.
358 878 570 915 Antoninus
603 879 808 929 imperator
849 877 935 913 Pius
950 905 959 923 ‚
993 888 1076 912 cum
1113 875 1197 913 filiis
1235 875 1310 913 suis
1343 876 1497 913 Aurelio
1527 884 1563 912 et

175 938 305 976 Lucio.

229 1002 317 1037 139.
349 1002 518 1037 Justinus
544 1001 790 1051 philosophus
811 990 1031 1037 Valentinus
1051 1008 1087 1036 et
1106 1000 1272 1036 Marcion
1293 998 1463 1036 heretici.

229 1064 317 1099 ⁴145.
351 1064 509 1114 Higinus
529 1076 641 1113 papa.

228 1126 244 1159 1
258 1126 316 1160 49.
350 1124 437 1161 Pius
454 1138 565 1174 papa,
588 1123 657 1161 sub
679 1137 755 1173 quo
775 1127 933 1161 Hermes
957 1123 1103 1173 scripsit
1122 1121 1259 1159 librum
1279 1121 1454 1159 Pastoris.

227 1187 315 1222 157.
349 1185 564 1234 Policarpus
587 1188 744 1221 Romam
770 1185 975 1222 adveniens
1001 1184 1137 1221 multos
1161 1182 1208 1220 ab
1227 1183 1349 1220 heresi
1372 1182 1559 1219 liberavit.

227 1247 315 1282 161.
348 1249 493 1283 Marcus
513 1246 724 1283 Antoninus
742 1249 862 1284 Verus
881 1246 1086 1296 imperator
1104 1258 1189 1282 cum
1210 1245 1324 1281 fratre
1345 1243 1461 1281 Lucio
1481 1247 1561 1280 Au-

173 1306 266 1343 relio
287 1307 506 1344 Commodo.

225 1370 314 1406 162.
347 1368 560 1405 Persecutio
580 1377 728 1418 quarta.

224 1431 402 1467 Galienus
422 1430 589 1468 medicus
609 1430 758 1469 claruit.

224 1494 314 1529 163.
342 1493 614 1543 Catafrigarum
635 1492 776 1530 heresis
795 1501 926 1530 exorta
946 1501 1016 1532 est.

225 1556 312 1592 168.
345 1554 522 1591 Anicetus
547 1567 656 1605 papa.

223 1618 312 1655 179.
344 1619 450 1654 Soter
470 1629 580 1666 papa.

223 1682 312 1717 180.
343 1680 532 1717 Antonino
552 1680 728 1718 successit
748 1679 989 1718 Commodus.

222 1744 310 1779 181.
343 1745 496 1778 Ireneus
516 1742 776 1793 Lugdunensis
797 1742 994 1792 episcopus
1017 1741 1172 1792 insignis
1195 1740 1371 1780 habetur.

224 1805 310 1840 183.
341 1803 553 1840 Teodocion
575 1805 758 1854 interpres
780 1803 954 1840 habetur.

223 1867 312 1902 188.
344 1865 522 1901 Eleuther
540 1878 649 1915 papa.
673 1866 824 1913 Lucius,
846 1864 1037 1914 Britannie
1060 1877 1147 1911 rex,
1169 1864 1280 1901 missa
1300 1863 1347 1900 ad
1367 1875 1453 1900 eum
1473 1861 1557 1912 epi—

169 1925 278 1971 stola,
301 1938 339 1961 se
359 1925 601 1961 christianum
625 1927 705 1962 fieri
724 1927 910 1976 impetrat.

222 1989 310 2024 193.
343 1987 543 2023 Interfecto
568 1988 795 2032 Commodo,
818 1987 992 2024 successit
1012 1986 1142 2023 Helius
1162 1985 1351 2023 Pertinax».

221 2051 309 2086 194.
341 2049 423 2094 Quo
444 2048 587 2084 defecto
616 2051 682 2097 (1),
713 2049 917 2098 imperator
934 2051 1092 2085 Severus
1112 2047 1302 2083 Pertinax.

223 2114 310 2148 195.
344 2114 561 2158 Symmaeus
584 2111 767 2162 interpres
790 2111 964 2148 habetur.

221 2174 311 2211 196.
343 2172 558 2208 Pei-secutio
582 2175 625 2208 V.

218 2234 412 2271 Narcissus
438 2234 748 2271 Jerosolimorum
786 2241 822 2270 et
854 2233 1056 2283 Teopliilus
1088 2235 1248 2283 Cesaree
1282 2230 1447 2282 episcopi
1486 2231 1555 2269 ha-

166 2294 317 2334 bentur.

220 2361 309 2396 202.
341 2360 465 2396 Victor
484 2373 595 2410 papa.
618 2359 687 2396 Hic
713 2357 902 2395 constituit
928 2366 967 2394 ut
994 2357 1135 2394 Pascha
1163 2356 1223 2394 die
1242 2356 1431 2394 dominico
1454 2357 1555 2394 cele-

167 2421 296 2459 bretur
313 2426 408 2459 sicut
422 2421 698 2474 pre[de]cessor
717 2422 795 2468 ejus
816 2420 1008 2459 Eleuther.

220 2486 309 2522 212.
340 2488 480 2522 Severo
500 2485 675 2522 successit
697 2483 907 2521 Antoninus
927 2481 1137 2526 Caracalla,

218 2664 262 2712 (1)
287 2666 316 2697 A
330 2672 429 2710 porte
446 2662 552 2710 desect
569 2676 651 2698 avec
665 2676 732 2697 une
748 2662 970 2696 abreviation.
