2081 3408
418 286 481 314 mv
1033 277 1207 315 NOTICE

464 362 670 396 Edvuardus
686 362 812 403 senior,
840 361 973 396 Alfredi
997 362 1105 406 filius,
1124 377 1203 397 cum
1224 363 1406 410 Egelfreda
1431 376 1549 398 sorore
1569 377 1628 398 sua
1641 391 1649 406 ,
1674 365 1825 399 Mercio-

417 434 495 456 rum
512 421 676 463 domina,
694 421 754 454 diu
777 429 810 454 et
833 420 996 454 nobiliter
1012 423 1179 467 regnavit.
1207 424 1286 466 Quo
1305 422 1472 456 defuncto
1485 452 1492 464 ‚
1512 432 1579 457 tres
1598 424 1660 457 filii
1679 424 1751 470 ejus
1767 436 1829 469 per

417 480 578 514 ordinem
594 489 828 514 successerunt
845 479 1050 514 Edelstanus
1061 508 1069 523 ‚
1087 482 1296 516 Edmundus
1311 496 1350 516 ac
1367 483 1541 519 Edredus.

465 540 544 573 Post
565 540 647 572 istos
663 539 814 584 regnavit
834 537 992 570 Eduinus
1009 539 1099 572 lilius
1115 539 1307 580 Edmuudi,
1327 543 1448 574 stultus
1465 551 1495 575 et
1513 555 1661 587 nequam
1674 569 1682 584 ,
1702 551 1734 576 et
1749 571 1757 584 ‚
1774 555 1830 576 re·-

417 594 626 627 bellamilms
642 594 780 638 Anglis‚
800 602 999 638 peremptus
1015 603 1082 635 est,
1103 603 1134 627 et
1156 596 1251 628 fratri
1279 609 1342 629 suo
1366 596 1523 642 Edgaro,
1553 607 1641 631 nutu
1666 598 1747 640 Dei,
1774 611 1830 631 re-

416 666 525 699 gnum
551 652 773 686 commissum
790 660 856 694 est,
876 652 958 696 quia
983 651 1045 685 diu
1069 661 1103 686 et
1125 653 1256 686 utiliter
1279 655 1434 700 regnavit
1451 664 1482 688 et
1499 656 1563 689 sibi
1583 665 1616 689 et
1642 657 1776 702 populo
1799 665 1832 690 et

418 711 558 745 ecclesie
576 711 653 744 Dei.

464 771 546 803 Post
568 769 661 802 hunc
684 768 842 814 regnavit
861 768 952 802 filius
978 770 1051 815 ejus
1068 768 1290 811 Edvuardus,
1315 769 1368 803 vir
1382 770 1477 804 bone
1501 771 1642 815 indolis,
1664 786 1765 818 quem
1785 773 1829 808 de

418 827 603 864 VVilstrida
625 827 737 860 nobili
759 828 886 862 femina
908 829 1038 874 genuit,
1067 837 1099 863 et
1115 829 1181 862 fuit
1198 829 1302 863 frater
1323 839 1437 863 sancte
1454 830 1625 876 Edgithe3
1647 833 1706 866 sod
1725 835 1831 879 paulo

416 896 495 934 post
518 886 607 920 dolis
628 886 792 921 Elfstride
813 888 948 934 regine,
968 888 1037 922 filie
1053 888 1218 935 Ordgari,
1238 889 1364 923 matris
1380 889 1540 936 Egelredi
1556 891 1663 937 regis,
1683 893 1830 935 occisus,

416 959 483 992 que
500 959 651 980 noverca
667 948 741 993 ejus
759 956 846 983 erat.

465 1005 635 1051 Egelredo
655 1015 769 1040 autem
786 1015 962 1052 regnante,
982 1007 1091 1040 multa
1106 1005 1251 1040 adversa
1271 1016 1491 1041 surrexerunt
1511 1007 1546 1040 in
1565 1020 1674 1053 regno
1694 1008 1831 1054 Anglie,

417 1066 507 1099 Nam
531 1066 666 1099 Suenus
685 1078 745 1099 rex
763 1067 945 1100 Danorum
964 1079 1042 1100 cum
1066 1067 1195 1112 ingenti
1222 1068 1325 1100 classe
1343 1068 1502 1113 Angliam
1522 1067 1660 1108 invasit,
1680 1076 1725 1109 et,
1745 1067 1835 1101 defi-

418 1124 589 1160 cientibus
605 1124 649 1158 ad
667 1138 747 1159 eum
770 1127 901 1172 Anglis,
921 1139 981 1160 rex
1008 1125 1200 1160 Edelredus
1223 1139 1303 1159 cum
1322 1139 1430 1160 uxore
1451 1136 1481 1160 et
1504 1127 1582 1160 filiis
1600 1127 1635 1159 in
1653 1128 1833 1160 Norman-

418 1185 513 1218 niam
537 1185 638 1231 fugit.
664 1187 787 1219 Emma
805 1187 897 1219 euim
922 1200 1011 1220 uxor
1028 1188 1101 1232 ejus
1126 1195 1197 1219 erat
1217 1199 1318 1220 soror
1342 1187 1484 1220 Ricardi
1508 1187 1719 1221 Gunnoride
1736 1188 1835 1222 ducis

417 1243 637 1279 Normannie
667 1253 699 1279 et
723 1246 867 1278 Roberti
893 1246 1147 1291 archiepiscopi
1167 1246 1471 1292 Rothomagensis.
1500 1248 1581 1281 Non
1606 1248 1718 1280 multo
1740 1256 1830 1293 post,

416 1304 551 1338 Suenus
568 1317 626 1338 rex
642 1318 659 1338 a
678 1314 797 1338 sancto
815 1305 1005 1339 Edmundo
1022 1318 1101 1351 rege
1118 1314 1149 1338 et
1171 1306 1310 1338 martire
1327 1306 1459 1339 occisus
1477 1313 1541 1348 est,
1565 1314 1597 1339 et
1616 1319 1742 1351 corpus
1760 1308 1834 1351 ejus

416 1362 451 1394 in
470 1363 607 1396 Datiam
633 1363 785 1397 delatum
811 1373 872 1399 est.
899 1365 1005 1410 Cujus
1031 1364 1149 1398 audita
1175 1373 1306 1406 morte,
1324 1378 1384 1398 rex
1405 1365 1597 1399 Edclredus
1617 1366 1653 1398 in
1671 1366 1833 1411 Angliam

415 1433 588 1467 regressus
605 1431 666 1458 est.
685 1424 842 1456 Cunutus
856 1432 970 1456 autem
986 1424 1078 1456 filius
1094 1423 1214 1465 Sueni,
1234 1436 1313 1456 cum
1330 1425 1483 1456 Lacman
1498 1437 1576 1469 rege
1592 1424 1787 1457 suavorum
1802 1433 1835 1458 et

416 1479 527 1513 Olavo
549 1493 628 1526 rege
646 1482 878 1523 Noricorum,
905 1483 1066 1527 Angliam
1090 1481 1173 1515 adiit
1195 1491 1227 1515 et
1250 1481 1471 1515 Londoniam
1497 1482 1649 1517 obsedit.
1677 1483 1731 1514 Ibi
1750 1491 1834 1515 tunc

416 1537 590 1571 Edelredo
608 1548 759 1584 mortuo,
778 1539 986 1573 Edmundus
1008 1540 1097 1574 filius
1114 1541 1201 1585 ejus,
1222 1550 1455 1586 cognomento
1475 1540 1653 1582 Irneside,
1677 1541 1833 1586 regnavit

417 1604 448 1629 et
464 1595 553 1629 duos
568 1597 658 1631 filios
674 1598 903 1632 Edvuardum
919 1609 951 1633 et
967 1598 1196 1632 Edmundum
1213 1599 1344 1645 genuit,
1362 1612 1448 1644 quos
1464 1607 1542 1645 post
1560 1608 1707 1632 mortem
1728 1600 1834 1645 patris

417 1656 552 1690 Suenus
578 1658 757 1692 Danorum
777 1672 856 1701 rex,
883 1659 996 1692 fratris
1015 1659 1067 1692 sui
1088 1659 1218 1692 Cunuti
1241 1661 1358 1705 jussu,
1383 1660 1453 1704 regi
1479 1660 1666 1692 Hunorum
1694 1658 1835 1693 obsides

418 1714 525 1749 dedit.
555 1716 609 1750 Ibi
634 1716 841 1751 Edmundus
866 1719 956 1751 Clito
977 1718 1082 1760 obiit,
1109 1727 1141 1752 et
1170 1718 1378 1751 Edvuardus
1398 1719 1505 1751 filiam
1532 1719 1620 1764 regis
1644 1720 1834 1764 conjugem

417 1774 568 1820 accepit,
587 1784 676 1808 nutu
693 1777 771 1821 Dei,
790 1785 822 1810 et
838 1789 943 1822 super
960 1777 1083 1810 Hunos
1101 1777 1162 1810 diu
1180 1775 1383 1824 re[g]navit‚
1401 1785 1433 1809 et
1450 1776 1628 1822 Edgarum
1645 1776 1832 1811 Adelinum

417 1841 449 1865 et
467 1833 691 1879 Margaritam
708 1836 861 1881 reginam
880 1836 1064 1869 Scotorum
1083 1845 1115 1870 et
1133 1837 1366 1870 Christianam
1383 1836 1681 1869 sanctimonialem
1700 1838 1832 1882 genuit.

418 1892 539 1925 Emma
558 1905 639 1926 vero
659 1895 777 1939 regina
801 1895 941 1928 Cunuto
963 1896 1034 1940 jam
1054 1895 1241 1928 christiano
1268 1895 1358 1928 facto
1383 1895 1497 1940 nupsit
1521 1895 1620 1938 eique
1647 1894 1833 1927 Hardecu-

419 1958 543 1983 nutum
563 1960 595 1984 et
612 1952 827 1986 Gunnildem
847 1954 994 1999 peperit.
1013 1953 1240 1987 Edvuardum
1262 1963 1377 1987 autem
1394 1963 1425 1987 et
1444 1953 1626 1986 Alfredum
1644 1954 1733 1986 filios
1754 1967 1835 1987 suos

418 2022 457 2042 ex
477 2010 587 2055 priori
614 2012 736 2045 marito
756 2013 789 2045 in
810 2014 1004 2046 Neustriam
1023 2014 1139 2047 exules
1158 2014 1260 2050 misit.
1290 2015 1401 2047 Porro
1426 2014 1624 2055 Cliunutus,
1643 2013 1834 2048 Edmundo

419 2081 482 2114 per
506 2069 743 2114 proditionem
762 2072 881 2105 Edrici
908 2073 1052 2106 Strenue
1072 2074 1207 2107 latrinis
1232 2081 1426 2119 perempto⁷
1456 2086 1519 2118 per
1544 2082 1654 2106 totam
1674 2074 1835 2119 Angliam

420 2131 576 2172 regnavit
589 2137 620 2162 et
635 2130 724 2163 filius
738 2131 887 2176 predicti
902 2131 1081 2164 Edmundi
1100 2133 1135 2164 in
1152 2132 1287 2165 Datiam
1305 2132 1469 2165 exiliavit.
1489 2133 1569 2164 Post
1588 2141 1736 2165 mortem
1752 2144 1836 2165 vero

421 2185 576 2219 Chunuti
591 2213 599 2229 ‚
621 2188 795 2223 Heroldus
812 2203 853 2223 cx
883 2190 1081 2223 concubina
1105 2191 1251 2236 Effigiva
1278 2190 1308 2222 ei
1332 2198 1433 2223 natus
1457 2190 1491 2222 in
1518 2191 1641 2236 Anglia
1664 2190 1834 2236 regnavit,

421 2245 479 2288 qui
497 2245 678 2280 Alfredum
696 2247 779 2281 dolo
800 2248 957 2282 Goduini
976 2249 1111 2282 comitis
1129 2250 1193 2282 sibi
1211 2248 1377 2282 traditum
1392 2250 1501 2282 oculis
1517 2249 1646 2295 privari
1660 2249 1750 2283 fecit.
1767 2247 1834 2281 Sed

421 2302 492 2348 ipse
505 2305 610 2349 paulo
626 2315 704 2351 post
721 2308 911 2352 supervixit
924 2317 954 2341 et
968 2309 1090 2342 nolens
1105 2307 1384 2342 Hardechunuto
1399 2321 1545 2354 regnum
1557 2308 1709 2352 reliquit.
1725 2306 1834 2340 Arde-

423 2371 572 2395 cunutus
589 2372 702 2396 autem
716 2365 958 2408 Edvimrdum,
976 2367 1117 2400 fratrem
1136 2380 1235 2399 suum
1255 2367 1444 2409 uterinum,
1464 2380 1481 2398 a
1498 2366 1714 2399 Normannia
1730 2378 1833 2398 revo-

423 2421 529 2465 cavit,
555 2431 587 2455 et
609 2432 687 2468 post
710 2423 799 2458 duos
816 2439 940 2469 annos,
960 2426 995 2459 in
1011 2427 1141 2472 nuptiis
1160 2426 1293 2472 Osgodi
1311 2427 1435 2471 Clape,
1453 2426 1512 2470 qui
1530 2425 1636 2458 filiam
1654 2437 1752 2458 suam
1769 2424 1835 2458 Gi-

423 2480 518 2512 tham
536 2481 650 2514 Tovio
665 2482 790 2515 danico
811 2483 926 2526 (labat,
946 2498 1081 2518 veneno
1098 2484 1180 2519 dato
1200 2485 1300 2530 periit
1319 2485 1361 2517 ab
1378 2484 1515 2516 Emma.

472 2539 605 2572 Deinde
628 2540 835 2575 Edvuardus
855 2544 1063 2577 rectissimus
1085 2545 1184 2577 heres
1207 2557 1292 2578 xxm
1318 2543 1416 2576 annis
1433 2541 1605 2587 regnavit,
1629 2549 1661 2574 et
1687 2541 1835 2575 infantes

424 2596 600 2631 Edvuardi
625 2600 761 2644 nepotis
783 2601 836 2634 sui
863 2601 906 2634 de
923 2603 1029 2635 Dacia
1048 2603 1241 2647 revocavit,
1269 2612 1301 2636 et
1328 2602 1550 2647 Margaritam
1569 2600 1744 2633 Melcomo
1762 2601 1835 2646 regi

423 2655 608 2690 Scotorum
626 2658 734 2702 dedit,
753 2673 817 2704 qm·
835 2669 902 2694 tres
919 2662 947 2693 ei
967 2662 1056 2695 filios
1075 2673 1105 2696 et
1124 2663 1209 2696 duas
1225 2663 1313 2696 filias
1336 2661 1490 2707 peperit,
1518 2659 1551 2692 id
1571 2668 1617 2692 est
1634 2659 1832 2706 Edgarum,

428 2716 660 2750 Alexandrum
671 2745 678 2759 ,
694 2718 820 2757 David,
838 2733 932 2764 reges
949 2722 1131 2754 Scotorum
1142 2749 1152 2764 ,
1168 2721 1249 2755 Edit
1265 2732 1404 2766 quoque
1422 2717 1628 2752 Mathildem
1646 2720 1833 2764 conjugem

424 2775 563 2809 anrici
582 2777 670 2822 regis
687 2786 719 2810 et
736 2778 897 2811 Mariam.
