2081 3408
736 281 1000 317 APPENDIX.
1490 284 1506 317 1
1517 285 1564 319 53

170 370 386 408 dorensium
418 370 456 406 in
482 382 558 419 quo
588 368 812 406 christianus
845 372 1022 418 utrinque
1053 369 1215 420 populus
1244 379 1373 406 mutua
1402 383 1440 407 se
1475 369 1566 406 cede

171 432 392 483 prostravit,
414 446 469 467 vu
490 430 666 467 kalendas
680 431 763 477 julii
778 462 786 478 ‚
812 431 933 468 diviso
957 444 1088 482 regno,

225 496 313 530 84⁹2.
344 493 553 530 Translatio
585 493 701 529 sancti
728 493 901 530 Audoeni
928 495 979 539 (1)
1003 493 1169 543 episcopi
1191 493 1341 542 quando
1361 493 1569 530 Normanni

170 563 412 593 vastaverunt
431 557 682 607 Rotomagum
705 564 741 593 et
761 555 1039 593 succenderunt
1058 556 1325 594 monasterium
1347 556 1461 603 illius,
1483 555 1568 593 idus

171 617 259 655 mai.

224 680 312 718 848.
347 678 499 729 Sergius
517 692 629 729 papa.

222 743 314 778 849.
344 741 483 778 Paulus
500 741 811 792 archiepiscopus
829 740 1024 778 ordinatus
1045 741 1130 778 suit.

225 806 314 842 851.
347 807 429 841 Hoc
449 812 620 853 tempore
641 813 829 841 venerunt
849 804 1056 841 Normanni
1073 804 1111 840 in
1129 804 1355 854 Sequanam.

224 868 313 904 85⁶2.
344 869 420 903 Leo
441 878 550 915 papa.

226 930 271 964 Et
298 929 433 964 iterum
453 935 639 963 venerunt
659 926 720 963 alii
740 926 961 964 Normanni.

225 991 314 1026 855.
347 989 447 1026 Obiit
468 989 666 1025 [otharius
686 989 892 1038 imperator
910 987 1008 1025 filius
1026 988 1225 1025 Ludovici.
1248 1011 1299 1016 —
1312 987 1414 1025 Obiit
1432 988 1572 1025 Paulus

170 1051 492 1102 archiepiscopus.
508 1073 557 1079 -—
570 1054 611 1087 ln
625 1051 696 1087 hoc
708 1063 861 1100 quoque
875 1062 974 1086 anno
989 1050 1058 1086 suit
1070 1050 1266 1087 ordinatus
1279 1049 1430 1088 wanilo
1444 1049 1572 1086 archi-

170 1113 383 1164 episcopus.

224 1176 313 1211 859.
345 1176 389 1210 In
412 1173 483 1210 isto
504 1185 603 1210 anno
628 1173 727 1223 cepit
755 1174 882 1226 gelare
905 1188 934 1211 11
958 1173 1138 1212 kalendas
1163 1173 1373 1211 decembris
1398 1181 1435 1210 et
1455 1172 1576 1210 finivit

172 1236 282 1273 nonis
305 1235 448 1286 aprilis.

223 1299 313 1335 860.
347 1296 572 1334 Benedictus
593 1310 706 1348 papa.

225 1360 314 1396 862.
348 1358 550 1395 Nicholaus
567 1371 675 1409 papa.

224 1422 314 1459 865.
346 1422 540 1457 Venerunt
557 1421 763 1458 Normanni
787 1420 1035 1468 mediojulio.

223 1484 314 1519 866.
348 1482 525 1529 Basilius,
547 1482 671 1520 occiso
692 1482 903 1520 Michahele
924 1482 1079 1520 domino
1093 1496 1161 1520 suo
1176 1511 1185 1529 ,
1204 1496 1254 1518 xx
1273 1482 1393 1519 annis.
1414 1481 1574 1519 —Obiit

169 1544 319 1583 Wanilo
339 1544 648 1595 archiepiscopus
663 1574 672 1591 ‚
694 1546 754 1582 cui
776 1545 953 1582 successit
970 1544 1184 1583 Adalardus

224 1609 313 1644 868.
347 1609 480 1644 Fames
500 1606 640 1645 valida.

225 1671 315 1706 869.
347 1672 441 1706 Item
466 1669 583 1706 fames
607 1678 642 1706 et
673 1670 882 1707 mortalitas
907 1668 1105 1706 hominum
1132 1678 1169 1707 et
1198 1669 1311 1719 pestis
1338 1667 1574 1706 animalium.

171 1754 222 1759 —-
240 1730 342 1768 Obiit
361 1730 596 1777 Adalardus,
616 1731 678 1768 cui
698 1732 876 1768 successit
894 1731 1078 1769 Riculsus.

227 1796 315 1831 871.
348 1796 490 1830 Ventus
515 1792 673 1830 validus.

225 1854 415 1892 Adrianus
434 1867 545 1904 papa.

228 1917 317 1952 8702.
353 1915 455 1952 Obiit
474 1916 644 1952 Riculfus
659 1945 668 1962 ,
690 1916 751 1953 cui
772 1916 951 1952 successit
975 1915 1182 1952 Johannes.

227 1979 317 2015 874.
348 1977 539 2013 Johannes
560 1976 867 2026 archiepiscopus
886 1977 1174 2026 Rotomagensis
1193 1975 1297 2012 obiit.

229 2041 320 2075 375.
354 2037 456 2074 Obiit
471 2039 587 2074 Witto
604 2067 613 2083 ‚
636 2038 697 2074 cui
716 2038 892 2075 successit
912 2040 1070 2075 Franco.

229 2102 318 2137 876.
352 2099 484 2136 Obitus
505 2099 689 2136 Ludovici
710 2100 822 2150 regis.
848 2102 990 2136 Iterum
1014 2099 1180 2135 Karolus
1201 2097 1347 2135 Italiam
1370 2096 1582 2148 ingreditur

174 2170 211 2199 et
249 2162 407 2199 eandem
445 2171 583 2199 terram
607 2162 888 2213 Karlomagnus
914 2175 983 2212 per
1008 2161 1118 2198 aliam
1148 2162 1249 2198 viam
1280 2160 1450 2198 intravit.
1487 2159 1581 2196 Inde

176 2226 341 2263 Karolus
365 2225 516 2261 territus
537 2225 632 2276 fugit
652 2234 688 2262 et
711 2226 749 2262 in
770 2226 902 2262 eodem
928 2225 1060 2261 itinere
1085 2232 1256 2261 mortuus
1277 2231 1344 2261 est.

228 2288 420 2325 Johannes
440 2300 550 2337 papa.

230 2353 310 2386 Hoc
331 2363 430 2386 anno
450 2350 560 2387 Rollo
586 2363 671 2386 cum
698 2350 774 2387 suis
800 2348 1070 2386 Normanniam
1097 2347 1310 2399 penetravit
1334 2361 1382 2383 xv
1404 2345 1583 2384 kalendas

177 2412 404 2450 decembris.

234 2475 322 2510 879.
355 2472 571 2510 Ludovicus
602 2486 669 2510 rex
698 2476 912 2519 Saxonum,
942 2471 1067 2508 adhuc
1091 2471 1206 2507 fratre
1238 2483 1305 2507 suo
1324 2472 1584 2521 Karlomagno

180 2534 351 2581 vivente,
381 2535 607 2571 Bavuariam
637 2535 861 2586 ingreditur.
897 2534 1058 2571 Inicium
1082 2532 1170 2570 belli
1192 2536 1421 2570 Francorum
1454 2541 1585 2570 contra

227 2717 275 2762 (1)
302 2717 464 2750 Ambrosii
480 2718 520 2750 B.
