2081 3408
224 270 359 321 [1139]
599 270 743 305 LIBER
776 269 977 306 TERTIUS
1008 269 1233 306 DECIMUS.
1541 270 1609 304 1⁶21

222 358 369 421 quod,
383 357 660 403 seditionem
677 357 788 402 oriri
812 357 994 415 videns,
1014 373 1110 402 non
1137 357 1375 420 propriam
1391 356 1616 402 diocesim

222 434 486 497 repetisset,
517 432 597 478 sed
631 433 802 478 alienas
833 433 893 479 ad
917 450 988 478 res
1029 433 1308 478 furibundus
1338 433 1613 490 divertisset,

220 512 532 573 incendioque
558 511 726 556 furenti
745 512 902 556 multis
920 510 1105 556 milibus
1124 511 1324 556 inediam
1345 511 1614 574 peperisset.

218 590 421 652 Turgido
454 599 626 653 nepote
660 606 767 635 cum
804 591 897 635 suis
922 590 1104 635 asseclis
1127 591 1172 635 in
1198 589 1453 635 rebellione
1474 591 1618 653 perti-

219 668 395 713 naciter
428 667 728 730 persistente,
759 677 801 711 et
839 667 955 711 irato
992 684 1098 729 rege
1132 676 1182 711 ut
1219 667 1435 730 praefatus
1470 670 1618 729 Roge-

220 744 313 789 rius
341 743 551 806 patibulo
578 760 686 789 mox
712 743 1077 806 suspenderetur
1098 743 1316 805 jubente,
1344 743 1619 790 meticulosa

218 830 366 865 mater
389 820 651 864 luctuosam
673 820 815 882 prolis
831 819 1150 864 conditionem
1170 819 1366 865 audiens
1385 820 1615 882 prosiluit,

218 907 263 943 et
287 915 373 961 pro
402 897 496 942 filio
521 897 717 942 sollicita
740 897 883 942 dixit:
904 915 924 938 «
944 899 1038 957 Ego
1069 897 1246 959 peperi,
1276 913 1361 941 nec
1390 897 1618 942 ullatenus

218 973 368 1020 debeo
393 974 490 1036 ejus
515 975 772 1037 promereri
789 978 827 1035 (1
847 1002 857 1029 β]
883 974 1138 1031 interitum,
1164 972 1262 1030 sed,
1282 973 1319 1017 si
1344 974 1407 1018 sic
1430 990 1617 1019 necesse

217 1061 301 1107 est,
318 1053 471 1114 ipsum
493 1050 644 1096 debeo
671 1067 754 1113 per
769 1067 926 1095 meum
944 1049 1117 1094 salvare
1136 1049 1335 1094 obitum.
1355 1070 1375 1090 »
1402 1052 1618 1096 Protinus

217 1130 311 1192 regi
336 1130 561 1174 nuncium
585 1128 860 1185 destinavit,
897 1137 941 1173 et
975 1144 1061 1190 pro
1088 1127 1414 1190 redemptione
1443 1128 1619 1173 amico-

216 1222 319 1250 rum
342 1205 546 1250 validam
571 1205 885 1250 munitionem
909 1221 1052 1267 quam
1069 1204 1257 1249 tenebat
1272 1203 1458 1249 obtulit.
1483 1207 1620 1250 Frac-

216 1292 288 1327 tus
315 1283 469 1344 itaque
493 1282 681 1327 antistes
713 1280 922 1339 Eliensis,
956 1298 1065 1326 cum
1090 1280 1279 1343 reliquis
1309 1281 1619 1343 complicibus

213 1359 325 1416 suis,
353 1375 558 1404 moerens
581 1358 811 1404 deditioni
833 1357 1086 1420 adquievit.
1118 1358 1331 1420 Denique
1362 1357 1619 1420 pacificatis

215 1434 455 1492 omnibus,
481 1435 709 1499 oppidum
731 1435 827 1495 regi
845 1434 1082 1480 redditum
1099 1445 1184 1492 est,
1218 1444 1261 1479 et
1286 1435 1618 1498 episcopicum

213 1528 327 1575 pace
350 1511 408 1557 ad
435 1511 705 1575 parrochias
729 1528 833 1556 suas
855 1512 1027 1557 reversi
1060 1521 1185 1557 sunt.
1211 1513 1312 1556 Non
1340 1510 1488 1556 multo
1516 1521 1620 1574 post

215 1589 438 1650 Rogerius
463 1588 628 1652 praesul
657 1599 871 1634 mortuus
901 1599 969 1634 est
993 1589 1083 1651 (2),
1113 1599 1159 1635 et
1182 1588 1377 1635 Eliensis
1402 1589 1620 1652 publicus

212 1666 360 1712 hostis
384 1668 525 1712 totius
548 1667 708 1729 patriae
737 1667 883 1712 factus
909 1677 992 1712 est.

276 1748 389 1789 XLI.
432 1748 480 1789 In
511 1753 767 1804 autumno,
796 1743 1054 1801 Mathildis,
1079 1743 1440 1807 Andegavorum
1467 1745 1615 1790 comi-

217 1822 340 1879 tissa,
367 1838 475 1867 cum
501 1821 741 1868 Rodberto
764 1821 822 1867 de
842 1821 1055 1868 Cadomo
1081 1821 1219 1867 fratre
1233 1838 1318 1867 suo
1335 1831 1380 1867 et
1397 1822 1618 1868 Guidone

214 1899 272 1945 de
307 1899 515 1945 Sabloilo
547 1900 636 1960 (3),
664 1898 858 1961 aliisque
895 1898 1107 1962 pluribus
1139 1900 1185 1944 in
1227 1899 1437 1961 Angliam
1465 1909 1618 1946 trans-

216 1975 421 2032 fretavit,
452 1985 522 2032 et,
553 1975 805 2020 Arundello
828 1976 899 2037 (4)
936 1985 1176 2038 suscepta,
1208 1977 1438 2038 permissu
1470 1977 1614 2038 regis,

214 2051 275 2096 ad
319 2052 495 2115 oppida
532 2068 636 2112 quae
673 2068 766 2096 suae
805 2051 925 2113 parti
963 2051 1183 2097 favebant
1224 2068 1332 2097 cum
1366 2068 1481 2115 pace
1513 2069 1618 2115 per-

216 2129 347 2173 rexit.
407 2131 457 2172 ln
515 2127 603 2173 hac
657 2127 879 2171 nimirum
928 2128 1236 2189 permissione
1285 2144 1453 2190 magna
1502 2129 1619 2190 regis

215 2205 485 2268 simplicitas
509 2206 604 2250 sive
628 2204 844 2250 socordia
873 2205 1022 2250 notari
1047 2214 1224 2267 potest,
1255 2215 1300 2251 et
1331 2206 1429 2269 ipse
1454 2222 1479 2251 a
1504 2223 1618 2269 pru-

216 2284 453 2340 dentibus,
489 2283 620 2346 quod
653 2299 746 2327 suae
786 2282 944 2327 salutis
990 2283 1215 2345 regnique
1257 2283 1327 2328 sui
1361 2284 1619 2330 securitatis

217 2363 468 2408 immemor
502 2361 665 2419 fuerit,
704 2360 934 2422 lugendus
965 2369 1048 2406 est.
1092 2364 1259 2424 Ingens
1295 2362 1422 2407 enim
1464 2362 1619 2407 nimiae

267 2569 314 2615 (1)
339 2569 368 2602 Il
390 2568 462 2601 faut
479 2568 653 2613 peut-etse
667 2567 1030 2613 corrigerpromorere.

266 2625 312 2673 (9.)
339 2627 466 2671 Roger,
483 2626 611 2669 &veque
629 2624 671 2658 de
690 2625 882 2671 Salisbury,
901 2632 1043 2656 mourut
1059 2624 1089 2657 le
1109 2626 1129 2658 4
1147 2623 1331 2659 decembre
1352 2627 1453 2662 1139.

266 2684 314 2730 (3)
342 2686 435 2730 Voy.
455 2685 620 2729 Menage,
639 2685 724 2715 Hist.
744 2682 783 2715 de
803 2683 833 2715 la
848 2685 967 2715 maison
985 2682 1023 2715 de
1040 2683 1157 2725 Sable',
1176 2697 1211 2729 p.
1236 2685 1313 2717 1502.

266 2744 312 2790 (4)
339 2742 508 2785 Arundel‚
527 2741 613 2776 dans
629 2743 660 2776 le
684 2744 796 2776 comte
813 2741 856 2775 de
876 2742 1010 2777 sussex.
