2081 3408
203 271 339 319 [1138]
581 269 724 305 LIBER
751 268 954 304 TERTIUS
985 268 1213 306 DECIMUS.
1529 270 1604 305 ‘1033

201 359 411 421 aliosque
441 355 666 420 Stephani
690 357 808 418 regis
837 357 1051 402 inimicos
1075 372 1233 401 secum
1267 356 1488 403 habebat.
1516 357 1606 403 Sed

203 436 424 498 Rogerius
447 434 706 479 vicecomes
730 434 898 480 acriter
921 434 1030 497 ipsis
1052 433 1285 494 obstabat,
1313 436 1607 498 patriamque

202 522 453 576 protegens
486 510 644 556 hostes
668 527 692 556 a
725 511 954 574 perversis
984 510 1231 556 conatibus
1269 513 1507 574 insigniter
1537 529 1608 557 re-

202 588 407 634 sistebat.
435 587 656 632 Hostibus
683 588 942 633 admodum
973 587 1191 633 terribilis
1224 589 1271 633 in
1298 590 1459 652 primis
1483 591 1608 635 visus

203 676 294 723 est,
322 665 402 712 sed
432 667 478 710 in
503 665 644 727 hujus
669 667 812 712 seculi
842 665 939 711 salo
964 665 1093 711 nulla
1117 667 1325 729 potentia
1349 667 1489 729 longa
1520 677 1603 713 est.

202 743 381 788 Inimici
418 742 667 805 siquidem,
700 743 797 804 ejus
828 743 1125 806 prosperitati
1151 743 1290 788 nimis
1322 745 1604 801 invidentes,

205 820 392 865 insidias
428 819 491 863 illi
528 829 833 881 paraverunt,
861 829 904 864 et
936 819 1193 881 pernicicm
1231 820 1329 881 ejus
1357 820 1608 866 machinati

204 906 328 941 sunt.
366 896 583 952 Quadam
615 896 713 955 die,
743 912 957 941 cursores
977 895 1037 940 ad
1062 896 1377 959 diripiendam
1404 897 1610 961 praedam

205 973 594 1029 destinaverunt,
637 982 681 1017 et
718 972 911 1034 quidam
950 972 1119 1017 milites
1155 974 1199 1017 in
1236 974 1423 1019 latebris
1466 975 1611 1021 abditi

204 1050 480 1111 sanguinem
507 1050 702 1095 fundere
722 1049 858 1095 avide
883 1049 1132 1113 praestolati
1153 1061 1276 1096 sunt.
1313 1055 1430 1096 Orto
1455 1062 1611 1098 autem

205 1126 428 1184 clamore,
452 1127 674 1188 Rogerius
691 1142 821 1171 arma
839 1143 947 1171 cum
966 1126 1058 1170 suis
1077 1127 1290 1190 arripuit,
1309 1137 1352 1172 et
1368 1128 1613 1191 praedones

205 1220 314 1249 cum
338 1203 494 1266 praeda
511 1220 799 1266 persequens
823 1203 869 1248 in
892 1220 1059 1249 manus
1082 1203 1404 1249 insidiantium
1429 1206 1609 1252 incidit.

206 1284 264 1327 At
286 1281 375 1338 illi,
403 1290 452 1326 ut
479 1280 679 1326 famelici
706 1280 884 1339 leones,
908 1281 967 1326 de
992 1280 1173 1325 insidiis
1197 1281 1507 1344 prosilientes,
1538 1283 1613 1327 in-

206 1368 367 1405 cautos
389 1368 734 1422 percusserunt,
755 1369 799 1404 et
825 1359 1092 1421 Rogerium,
1116 1375 1202 1422 pro
1221 1359 1314 1404 vita
1337 1375 1419 1404 sua
1443 1359 1615 1405 vocife-

208 1447 388 1482 rantem
425 1447 470 1482 et
504 1436 648 1482 multa
690 1436 1020 1499 pollicentem,
1068 1435 1246 1498 absque
1297 1436 1616 1483 misericordia

200 1513 551 1575 jugulaverunt.
587 1516 782 1559 Rectore
810 1514 968 1576 itaque
993 1513 1275 1572 interfecto,
1311 1523 1437 1559 totus
1470 1531 1616 1577 pagus

207 1590 442 1636 desolatus
478 1600 563 1648 est,
605 1607 657 1636 ac
696 1590 977 1653 przedonum
1009 1590 1162 1636 rabies
1207 1607 1348 1654 super
1392 1606 1617 1654 pagenses

207 1666 516 1712 immoderate
540 1668 732 1712 saeviens
755 1666 1019 1712 admodum
1046 1666 1272 1713 effrenata
1297 1677 1382 1712 est.

273 1745 431 1790 Mense
451 1744 669 1805 januario
690 1780 701 1800 ,
741 1745 904 1790 Simon
931 1743 1093 1801 Rufus,
1125 1744 1340 1790 Balduini
1365 1744 1486 1791 filius
1521 1746 1615 1807 (t),

214 1886 1613 1897 -——-—————————-———.-————-—

209 1977 253 2011 de
271 1979 478 2024 Magneville
508 1980 588 2012 etait
606 1980 872 2025 probablement
891 1980 943 2013 fils
961 1979 1004 2013 de
1026 1981 1142 2026 Roger
1160 1980 1202 2014 de
1226 1981 1448 2026 Magneville,
1474 1981 1551 2014 allie
1572 1981 1618 2014 du

210 2038 330 2083 prince
352 2038 460 2071 Henri
481 2039 553 2083 (qui
572 2039 622 2071 fut
639 2038 762 2084 depuis
788 2039 895 2071 Henri
914 2040 973 2085 IN)
996 2038 1084 2072 dans
1108 2041 1137 2072 lc
1155 2040 1317 2073 (lotentiu
1331 2066 1338 2080 ‚
1363 2039 1517 2085 pendant
1535 2041 1619 2085 qu'il

210 2097 370 2142 occupait
383 2106 467 2130 cette
484 2099 623 2130 contree
639 2111 644 2132 ;
662 2098 783 2129 αιι.ι·ἱίίο
802 2097 931 2130 Ιίἱεανιίὶ
948 2097 986 2128 de
1004 2102 1114 2129 Revers
1130 2107 1160 2129 el
1176 2099 1310 2130 Iticarzli
1323 2098 1361 2130 cle,
1379 2103 1499 2142 Magna
1517 2099 1616 2141 Villa,

213 2156 262 2190 dit
277 2157 307 2189 le
324 2156 569 2189 continuateur
588 2156 630 2189 de
647 2157 845 2190 Guillaume
867 2155 910 2189 de
928 2156 1114 2202 Jumicges.
1135 2158 1198 2190 Les
1220 2158 1387 2191 hostilites
1408 2157 1559 2190 (lataient
1576 2156 1619 2191 de

213 2217 290 2262 plus
310 2217 383 2248 loiu
401 2225 496 2249 entre
513 2216 696 2249 Baudouin
722 2218 761 2249 de
784 2217 921 2249 Rex-iers
941 2225 973 2248 et
999 2216 1028 2248 le
1048 2216 1118 2257 roi3
1137 2217 1288 2259 celui-ci,
1309 2216 1366 2249 des
1387 2218 1489 2259 1136,
1507 2217 1620 2251 l'avait

213 2277 330 2310 chasse
347 2275 520 2318 d‘Exeror‚
542 2280 640 2321 apres
660 2277 758 2309 avoir
779 2276 887 2322 perdit
912 2277 1037 2311 devant
1055 2285 1140 2310 cette
1158 2277 1255 2322 place
1276 2277 1458 2322 beaucoup
1476 2276 1619 2310 d'bom-

216 2348 286 2369 mes
304 2344 335 2368 et
353 2335 521 2381 d'argent,
542 2345 572 2369 et
590 2336 703 2369 l'avait
720 2337 901 2382 poursuivi
920 2338 1043 2382 jusque
1059 2336 1145 2370 dans
1161 2337 1230 2369 l'ile
1248 2335 1290 2369 de
1307 2337 1446 2382 VVighn

263 2397 312 2441 (1)
336 2396 456 2430 Simon
484 2405 515 2429 et
541 2395 679 2429 Ribaud
703 2397 732 2428 le
758 2397 879 2440 Roux,
909 2395 961 2430 fils
985 2396 1028 2429 de
1052 2395 1255 2437 Baudouffi,
1274 2395 1399 2428 etaient
1419 2407 1554 2429 neveux
1573 2393 1620 2428 du

216 2454 358 2487 vaillant
376 2454 487 2487 Raoul
511 2455 541 2487 le
566 2455 686 2493 Roux,
709 2455 874 2488 servitem·
893 2454 1028 2487 (levoue'
1051 2454 1093 2487 de
1114 2454 1222 2486 Henri
1248 2455 1309 2495 1⁸,
1330 2467 1396 2499 que
1411 2466 1499 2487 nous
1515 2465 1622 2486 avons

218 2527 263 2547 vu
288 2513 379 2559 perir
402 2513 487 2546 daus
510 2515 540 2546 le
561 2515 725 2560 naufrage
743 2514 785 2547 de
810 2516 841 2547 la
864 2513 1180 2558 Blanclaee-Nef(Cf.
1201 2513 1278 2558 plus
1300 2514 1372 2554 bas,
1393 2526 1429 2559 p.
1452 2513 1546 2556 422).
1568 2513 1620 2544 Au

218 2573 336 2606 milieu
353 2573 396 2606 de
412 2574 491 2606 bien
511 2573 570 2606 des
593 2575 748 2618 pat-jures
770 2582 801 2606 et
826 2572 885 2606 des
909 2573 1081 2605 trahisons
1095 2598 1103 2612 ‚
1127 2572 1216 2605 voila
1233 2572 1316 2605 trois
1339 2572 1482 2605 familles
1500 2573 1623 2604 restees

218 2631 336 2664 fideles
358 2636 373 2664 ἐι
398 2632 583 2665 l'heritiere
600 2633 749 2677 legitime
767 2632 809 2665 de
833 2633 908 2665 leur
925 2631 1120 2664 souverain.
1139 2631 1236 2664 Nous
1259 2633 1339 2663 n'en
1364 2643 1524 2676 pouvons
1542 2630 1624 2662 mal-

219 2691 480 2724 heureusement
504 2704 564 2737 pas
591 2691 665 2725 dire
688 2700 806 2725 autaut
826 2690 868 2724 de
893 2699 991 2723 notre
1014 2698 1148 2722 auteur.
1168 2709 1212 2714 —
1231 2690 1328 2723 Nous
1350 2701 1497 2722 somnies
1516 2688 1558 2720 ici
1577 2700 1621 2720 au

220 2750 308 2783 mois
328 2749 371 2783 de
385 2750 518 2796 janvier
536 2751 638 2784 1138.
