2081 3408
187 296 320 347 [1438]
561 296 702 331 LIBER
729 295 930 331 TERTIUS
966 295 1195 332 DECIMUS.
1512 294 1586 330 110*

185 386 386 431 militum
402 385 628 446 insignem
653 401 846 429 manum
864 383 1142 446 aggregavit,
1163 391 1205 426 et
1224 381 1378 444 plures
1396 381 1586 443 injurias

185 461 271 506 sibi
308 461 420 506 olim
445 462 585 506 factas
622 461 858 506 vindicare
893 470 1124 522 satagens,
1163 458 1406 504 Britolium
1441 475 1588 522 expu-

184 539 355 600 gnavit.
385 539 616 583 Comitem
641 539 814 601 quippe
840 541 1193 583 Hanaucensem
1221 538 1288 598 [fl]
1327 553 1435 582 cum
1467 554 1587 582 Lxxx

184 624 229 660 et
247 617 435 659 Petrum
456 614 515 660 de
534 615 701 659 Manlia
726 632 834 660 cum
858 631 934 673 XL,
955 614 1194 659 Simonem
1215 629 1404 675 quoque
1422 612 1591 658 Rufum

183 710 292 739 cum
310 711 366 740 xx
392 694 615 739 militibus
630 711 786 739 secum
806 693 1027 751 babebat,
1046 693 1344 755 validamque
1366 701 1587 751 turmam,

185 788 325 834 quam
351 772 448 834 ipse
475 771 532 816 de.
557 772 683 816 omni
710 771 887 816 ditione
910 787 992 817 sua
1015 779 1326 816 contraxerat.

249 849 461 910 Denique
495 848 697 893 fervidus
740 848 963 909 Rogerius
999 847 1167 908 insigni
1211 857 1364 892 turma
1397 847 1592 910 stipatus

185 925 415 989 oppidum
440 943 492 972 ex
516 927 774 990 improviso
799 926 1004 988 expetiit,
1039 935 1082 970 et
1104 926 1275 987 injecto
1298 926 1401 988 igne
1428 926 1591 988 ingens

184 1001 413 1047 damnum
459 1002 695 1065 imparatis
739 1001 989 1065 oppidanis
1030 1002 1239 1063 ingessit.
1284 1002 1593 1047 Trituratores

185 1079 310 1123 enim
335 1095 418 1142 per
442 1079 616 1141 plateas
646 1094 817 1123 messes
842 1077 1107 1136 caedebant‚
1136 1088 1181 1123 et
1203 1078 1416 1140 ingentes
1439 1078 1593 1124 acervi

184 1155 419 1201 straminis
443 1165 485 1200 et
511 1154 680 1217 paleae,
711 1163 760 1199 ut
791 1164 1046 1200 autumnus
1078 1155 1239 1217 exigit,
1268 1155 1463 1217 sparsim
1487 1165 1594 1200 ante

184 1231 354 1277 domos
387 1231 632 1292 jacebant,
665 1231 790 1276 unde
826 1241 1008 1294 gratum
1046 1231 1135 1276 sibi
1175 1232 1374 1276 flammae
1412 1231 1594 1276 fomen-

186 1316 284 1352 tum
317 1307 448 1353 facile
482 1307 742 1371 rapiebant.
777 1309 852 1353 Sic
885 1308 1108 1353 nimirum
1142 1307 1366 1372 opulenta
1388 1307 1497 1353 villa
1546 1309 1593 1353 in

185 1394 362 1447 puncto
389 1394 690 1430 concremata
724 1394 808 1430 est.
854 1385 1057 1431 Ecclesia
1084 1386 1224 1431 etiam
1256 1385 1383 1431 beati
1413 1384 1595 1448 Sulpitii

183 1462 392 1525 episcopi
416 1472 456 1507 et
480 1462 777 1521 confessoris,
802 1479 910 1507 cum
930 1462 1086 1508 multis
1102 1462 1270 1526 opibus
1286 1462 1595 1526 burgensium

184 1548 228 1584 et
258 1538 533 1584 hominibus
565 1539 646 1602 qui
678 1540 802 1584 intus
828 1550 984 1596 erant,
1014 1540 1135 1603 proli
1160 1538 1320 1585 dolor!
1349 1539 1595 1586 combusta

185 1627 269 1663 est.
315 1617 563 1663 Castellani
611 1627 766 1663 autem
807 1618 975 1663 milites
993 1654 1004 1675 ,
1052 1627 1103 1663 ut
1143 1634 1190 1663 se
1225 1628 1487 1681 praeventos
1536 1617 1594 1664 ab

184 1693 398 1740 hostibus
430 1694 675 1752 viderunt⁷
709 1694 768 1740 ad
799 1695 1114 1740 munitionem
1144 1711 1253 1739 cum
1281 1694 1496 1757 plurimis
1526 1695 1596 1740 fu-

187 1771 361 1832 gientes
379 1771 677 1816 inimicorum
701 1770 856 1832 gladio
879 1771 1079 1834 surrepti
1103 1780 1228 1816 sunt.

252 1848 429 1893 Eodem
457 1864 601 1905 anno,
623 1847 881 1894 concordia
904 1848 1025 1893 inter
1052 1847 1307 1909 Rogerium
1329 1857 1373 1893 et
1399 1848 1593 1894 comites

188 1923 349 1970 fratres
363 1925 432 1985 (2)
447 1925 565 1970 faeta
578 1933 660 1980 est,
673 1940 699 1969 a
714 1924 884 1986 quibus
899 1925 1040 1969 etiam
1056 1924 1116 1969 ad
1128 1923 1421 1986 Stephanum
1434 1940 1593 1985 regem

190 2001 234 2046 in
256 2001 462 2062 Angliam
485 2001 715 2046 adductus
729 2002 863 2063 eique
882 2001 1144 2047 honorifice
1156 2001 1486 2046 reconciliatus
1504 2012 1588 2047 est.

254 2077 485 2123 Kalendas
506 2077 728 2136 octobris,
746 2078 985 2123 Josfredus
1002 2078 1344 2139 Andegavensis
1368 2077 1592 2125 Falesiam

189 2154 389 2212 obsedit,
418 2154 578 2217 ibique
603 2171 714 2199 xxm
737 2153 901 2199 diebus
927 2155 1092 2199 frustra
1114 2154 1316 2199 multum
1340 2154 1589 2213 laboravit,

188 2243 233 2279 et
246 2249 375 2279 nono
386 2232 569 2277 decimo
585 2231 658 2276 die
673 2230 785 2275 1111111
800 2230 1003 2276 lucratus
1020 2230 1129 2276 inde
1147 2232 1352 2276 recessit.
1366 2232 1592 2278 Ricardus

189 2309 248 2356 de
287 2310 455 2354 Luceio
492 2309 708 2372 princeps
747 2307 946 2352 militum
978 2308 1024 2351 in
1051 2308 1228 2370 oppido
1264 2308 1371 2365 fuit,
1402 2317 1447 2354 et
1482 2326 1592 2355 cum

191 2386 438 2449 oppidanis
468 2385 780 2430 munitionem
809 2383 1003 2429 viriliter
1028 2383 1299 2441 defensavit,
1328 2385 1592 2448 apertisque

185 2463 357 2526 januis,
384 2462 578 2508 audacia
602 2461 900 2507 obsessorum
920 2460 1189 2507 obsidentes
1207 2462 1378 2508 cotidie
1401 2462 1593 2509 subsan-

191 2540 349 2597 nabat,
371 2550 432 2598 et,
453 2540 564 2603 quia
586 2539 751 2584 inclusi
778 2538 994 2584 ciborum
1017 2548 1061 2584 et
1086 2555 1327 2585 armorum
1351 2540 1593 2587 abundan-

196 2656 217 2663 μ

280 2721 289 2766 )
315 2719 499 2753 Baudouin
518 2721 581 2759 IV,
605 2728 716 2753 comte
733 2719 776 2752 de
794 2719 955 2761 Hainaut‚
974 2719 1170 2754 beau-frere
1188 2720 1231 2754 de
1249 2723 1363 2767 Roger
1381 2722 1424 2757 de
1439 2723 1566 2757 Toeni.

240 2725 250 2766 (

263 2723 273 2753 l

241 2781 287 2827 (2)
311 2781 460 2815 Galeran
478 2789 589 2814 comte
610 2779 652 2813 de
670 2780 809 2813 Meulan
826 2788 856 2813 et
875 2779 1005 2813 Robert
1022 2789 1134 2814 comte
1150 2779 1192 2814 de
1212 2782 1392 2816 Leicester.
