2081 3408
491 243 566 279 160
1060 238 1325 274 APPENDIX.

544 332 583 366 Μ
601 330 659 365 18.
682 325 843 364 Pascalis
859 338 954 375 papa
975 325 1082 364 obiit.
1104 327 1171 363 Cui
1189 326 1360 364 Gelasius
1381 326 1571 374 successit,
1587 325 1691 373 cujus
1714 324 1753 362 in
1775 325 1895 363 eccle-

495 393 586 429 siam
607 404 645 426 se
664 388 815 426 intrusit
837 387 1057 438 [But—dinus]
1080 387 1282 426 hereticus.

546 456 686 489 Ventus
707 450 912 487 vehemens
931 449 1075 486 edificia
1096 459 1132 487 et
1150 463 1306 487 nemora
1326 450 1488 500 plurima
1501 459 1742 502 prosternens
1757 452 1794 487 in
1808 462 1896 500 par-

498 513 596 551 tibus
616 511 789 549 occiduis
809 511 878 547 suit
897 511 1026 561 vigilia
1045 511 1179 548 natalis
1199 512 1365 549 Domini.

550 576 665 611 1119.
683 576 726 609 Et
746 572 781 609 in
804 572 875 608 hoc
897 584 997 608 anno
1020 572 1143 609 natale
1161 573 1278 609 sancti
1297 573 1442 624 Thome
1457 577 1522 621 (1).
1540 578 1655 625 Terre
1675 583 1800 612 motus
1820 586 1899 611 ma-

498 650 591 688 gnus
616 637 653 672 in
673 634 866 672 Britannia
894 663 1145 675 ........
1184 635 1215 672 ri
1237 649 1297 671 1111
1320 636 1498 674 kalendas
1530 637 1707 677 octobris.
1726 661 1777 666 —
1800 636 1901 675 Obiit

498 698 670 736 Gelasius
697 710 795 747 papa
817 695 1005 733 secundus
1032 711 1094 733 1111
1122 696 1300 734 kalendas
1322 697 1514 736 februarii.

550 760 715 798 Calixtus
735 758 922 795 secundus
940 771 1037 809 papa
1057 759 1259 796 maximam
1279 759 1466 809 synodum
1489 761 1615 797 Remis
1635 762 1766 798 tenuit.

555 822 701 859 Bellum
730 821 827 858 inter
867 821 1071 858 Henricum
1101 834 1229 872 regem
1257 822 1392 872 Anglie
1430 831 1466 859 et
1511 823 1746 860 Ludovicum
1775 834 1903 874 regem

503 884 660 934 Francie
701 883 739 920 in
780 896 877 935 pago
915 883 1102 921 Vilcasino
1125 913 1133 929 ,
1150 897 1221 919 x111
1256 883 1434 920 kalendas
1471 885 1694 935 septembris
1707 914 1717 932 ‚
1755 884 1800 922 de
1829 897 1904 933 quo

505 953 720 991 Ludovicus
735 984 745 1000 ‚
763 952 927 990 Henrico
948 952 1204 1003 triumphante
1217 983 1226 1000 ,
1249 953 1410 1003 turpiter
1429 953 1589 1004 aufugit.

560 1018 676 1054 1120.
709 1014 919 1053 Concordia
947 1015 1045 1052 inter
1067 1015 1270 1052 Henricum
1301 1028 1428 1065 regem
1450 1017 1656 1067 Anglorum
1685 1024 1722 1053 et
1744 1013 1909 1052 Ludovi-

508 1092 594 1117 cum
615 1091 741 1129 regem
761 1079 991 1115 Francorum
1005 1108 1014 1125 ‚
1036 1085 1120 1128 post
1146 1076 1263 1114 multa
1291 1077 1515 1116 detrimenta
1546 1079 1742 1128 utriusque
1763 1077 1878 1129 partis
1898 1105 1907 1124 ,

510 1141 604 1177 sacta
625 1148 692 1177 est.
1433 1176 1435 1179 .

559 1206 658 1239 Dum
679 1215 745 1238 rex
768 1200 980 1252 Anglorum
1001 1202 1038 1238 in
1060 1214 1219 1252 regnum
1240 1215 1348 1238 suum
1377 1201 1531 1248 rediret,
1553 1203 1764 1240 Willelmus
1788 1210 1824 1239 et
1842 1202 1911 1239 Ri-

508 1264 642 1302 cardus
674 1264 739 1301 filii
768 1263 867 1310 ejus,
894 1277 979 1300 cum
999 1276 1135 1313 magna
1154 1263 1396 1301 multitudine
1419 1264 1602 1300 nobilium
1624 1264 1827 1301 multarum
1846 1276 1912 1300 re-

510 1325 663 1376 gionum
682 1356 690 1372 ,
707 1339 763 1360 vu
776 1324 954 1361 kalendas
974 1324 1183 1362 decembris
1200 1326 1397 1376 naufragio
1418 1326 1612 1376 perierunt

568 1391 583 1424 1
599 1391 683 1426 1:23.
707 1386 990 1425 Rebellantibus
1002 1387 1228 1436 quibusdam
1240 1387 1483 1433 Normunnis,
1497 1388 1687 1424 Amalrico
1695 1380 1914 1424 Ebroicensi

514 1460 549 1488 ct
570 1451 799 1487 waleranno
822 1450 1057 1487 Mellentensi
1079 1458 1115 1486 et
1135 1463 1265 1486 eorum
1287 1450 1533 1500 complicibus
1552 1451 1737 1487 Henricus
1758 1463 1824 1487 rex
1841 1463 1915 1499 op-

513 1513 602 1565 pida
619 1526 749 1550 eorum
764 1541 772 1556 ,
789 1511 826 1548 id
847 1521 901 1548 est
915 1513 1177 1556 Nomionem,
1194 1512 1395 1549 Brionnam
1412 1522 1448 1550 et
1468 1515 1622 1550 Pontem
1639 1512 1831 1551 Aldemari
1844 1512 1917 1548 ob-

514 1574 624 1622 sedit,
645 1574 849 1611 combussit
867 1582 903 1610 et
924 1574 1037 1624 cepit.
1053 1577 1139 1610 Post
1160 1574 1323 1624 plurima
1339 1575 1474 1613 damna
1491 1605 1499 1622 ,
1521 1576 1771 1612 Walerannus
1791 1587 1917 1612 comes

515 1650 601 1674 cum
621 1649 695 1672 xxx
720 1635 901 1672 militibus
921 1643 1052 1685 captus
1070 1643 1138 1674 est.

568 1698 754 1735 Defuncto
779 1697 945 1734 Radulfo
971 1698 1171 1749 Cantuarie
1198 1698 1482 1750 archiepiscopo
1500 1729 1508 1745 ‚
1527 1699 1739 1736 Willelmus
1768 1698 1918 1737 Curbu-

516 1759 643 1797 liensis
665 1760 857 1797 successit.

569 1822 747 1858 Warinus
773 1820 958 1858 Uticensis
977 1819 1091 1857 abbas
1123 1833 1145 1857 a
1170 1821 1343 1859 Johanne
1362 1822 1593 1859 Luxoviensi
1616 1821 1767 1873 presule
1786 1834 1921 1859 conse-

518 1892 641 1920 cratus
662 1892 717 1920 est
736 1882 773 1919 in
792 1882 852 1918 die
871 1882 1115 1921 ascensionis,

573 1947 688 1982 1124.
732 1944 917 1982 Defuncto
958 1943 1114 1981 Serlone
1155 1943 1322 1995 Sagiensi
1363 1944 1566 1996 episcopo,
1604 1944 1794 1982 Johannes
1832 1958 1915 1982 suc·

522 2016 646 2046 cessit.

575 2073 691 2109 1125.
724 2072 805 2106 Hoc
823 2067 861 2106 in
883 2077 1054 2119 tempore
1073 2068 1278 2106 multorum
1297 2068 1513 2119 principum
1534 2069 1690 2106 mutatio
1713 2069 1807 2106 sacta
1835 2076 1887 2105 est
1912 2082 1919 2103 :

522 2133 687 2170 Karolus
706 2132 892 2169 Henricus
911 2131 1064 2181 quintus
1083 2132 1289 2181 imperator
1304 2131 1420 2177 obiit,
1437 2131 1495 2168 cui
1513 2132 1712 2168 Lotharius
1732 2134 1923 2169 Saxonum

524 2197 602 2233 dux
621 2195 810 2232 successit.
833 2194 999 2230 Karolus
1021 2193 1194 2231 flandrie
1222 2193 1299 2230 dux
1328 2196 1366 2230 in
1392 2194 1548 2230 ecclesia
1573 2207 1683 2230 orans
1705 2193 1752 2230 ad
1773 2193 1924 2230 missam

526 2258 668 2294 occisus
705 2265 781 2303 est,
814 2265 849 2293 et
893 2255 1103 2293 Guillemus
1141 2258 1380 2292 Normannus
1417 2256 1612 2304 successit,
1646 2256 1710 2304 qui
1753 2254 1924 2304 sequenti

527 2333 625 2357 anno
660 2327 877 2370 peremptus
907 2327 974 2356 est.
1001 2341 1051 2347 -
1070 2317 1255 2355 Defuncto
1289 2317 1433 2356 Calixto
1469 2331 1585 2368 papa,
1609 2318 1800 2355 Honorius
1842 2330 1926 2354 suc-

531 2390 653 2419 cessit.

585 2446 699 2481 1126.
733 2443 926 2480 Dedicatio
949 2442 1189 2480 basilicarum
1210 2441 1325 2480 sancti
1347 2442 1519 2480 Gervasii
1540 2442 1725 2494 Sagiensis
1748 2450 1784 2479 et
1809 2440 1925 2479 sancti

533 2506 704 2544 Audocni
724 2506 1024 2556 Rotomagensis.

582 2667 629 2713 (1)
650 2665 929 2700 Sous-entendu:
953 2669 1071 2699 Vernus
1093 2666 1250 2698 vehemens
1261 2666 1344 2707 suit.
