<?xml version="1.0" encoding="UTF-8"?>
<!DOCTYPE html PUBLIC "-//W3C//DTD XHTML 1.0 Transitional//EN"
    "http://www.w3.org/TR/xhtml1/DTD/xhtml1-transitional.dtd">
<html xmlns="http://www.w3.org/1999/xhtml" xml:lang="en" lang="en">
 <head>
  <title>
</title>
<meta http-equiv="Content-Type" content="text/html;charset=utf-8" />
  <meta name='ocr-system' content='tesseract 3.04.00' />
  <meta name='ocr-capabilities' content='ocr_page ocr_carea ocr_par ocr_line ocrx_word'/>
</head>
<body>
  <div class='ocr_page' id='page_1' title='image "./ordericivitalish05ordeuoft/ordericivitalish05ordeuoft_0021.png"; bbox 0 0 2081 3408; ppageno 0'>
   <div class='ocr_carea' id='block_1_1' title="bbox 623 286 1589 323">
    <p class='ocr_par' dir='ltr' id='par_1_1' title="bbox 623 286 1589 323">
     <span class='ocr_line' id='line_1_1' title="bbox 623 286 1589 323; baseline -0.003 0"><span class='ocrx_word' id='word_1_1' title='bbox 623 287 716 323; x_wconf 84' lang='lat' dir='ltr'>SUR</span> <span class='ocrx_word' id='word_1_2' title='bbox 746 286 960 323; x_wconf 86' lang='lat' dir='ltr'>ORDERIC</span> <span class='ocrx_word' id='word_1_3' title='bbox 985 286 1141 323; x_wconf 86' lang='lat' dir='ltr'>VITAL.</span> <span class='ocrx_word' id='word_1_4' title='bbox 1550 298 1589 321; x_wconf 86' lang='lat' dir='ltr'>1x</span> 
     </span>
    </p>
   </div>
   <div class='ocr_carea' id='block_1_2' title="bbox 229 373 1142 2242">
    <p class='ocr_par' dir='ltr' id='par_1_2' title="bbox 229 373 1142 645">
     <span class='ocr_line' id='line_1_2' title="bbox 229 373 1142 422; baseline -0.003 -13"><span class='ocrx_word' id='word_1_5' title='bbox 229 376 440 422; x_wconf 83' lang='lat' dir='ltr'>Augustinus</span> <span class='ocrx_word' id='word_1_6' title='bbox 459 386 563 420; x_wconf 85' lang='lat' dir='ltr'>super</span> <span class='ocrx_word' id='word_1_7' title='bbox 579 385 774 407; x_wconf 87' lang='lat' dir='ltr'>sermonem</span> <span class='ocrx_word' id='word_1_8' title='bbox 794 373 938 406; x_wconf 85' lang='lat' dir='ltr'>Domini</span> <span class='ocrx_word' id='word_1_9' title='bbox 959 373 995 407; x_wconf 87' lang='lat' dir='ltr'>in</span> <span class='ocrx_word' id='word_1_10' title='bbox 1012 381 1142 406; x_wconf 87' lang='lat' dir='ltr'>monte.</span> 
     </span>
     <span class='ocr_line' id='line_1_3' title="bbox 230 432 893 480; baseline -0.002 -13"><span class='ocrx_word' id='word_1_11' title='bbox 230 434 441 480; x_wconf 74' lang='lat' dir='ltr'>Augustinus</span> <span class='ocrx_word' id='word_1_12' title='bbox 458 432 501 466; x_wconf 87' lang='lat' dir='ltr'>de</span> <span class='ocrx_word' id='word_1_13' title='bbox 517 432 676 465; x_wconf 81' lang='lat' dir='ltr'>doctrina</span> <span class='ocrx_word' id='word_1_14' title='bbox 693 432 893 468; x_wconf 80' lang='lat' dir='ltr'>christiana.</span> 
     </span>
     <span class='ocr_line' id='line_1_4' title="bbox 230 491 806 538; baseline -0.005 -12"><span class='ocrx_word' id='word_1_15' title='bbox 230 493 443 538; x_wconf 73' lang='lat' dir='ltr'>Augustinus</span> <span class='ocrx_word' id='word_1_16' title='bbox 460 491 502 526; x_wconf 87' lang='lat' dir='ltr'>de</span> <span class='ocrx_word' id='word_1_17' title='bbox 519 491 806 525; x_wconf 72' lang='lat' dir='ltr'>confessionibus.</span> 
     </span>
     <span class='ocr_line' id='line_1_5' title="bbox 232 550 908 598; baseline -0.004 -13"><span class='ocrx_word' id='word_1_18' title='bbox 232 554 435 598; x_wconf 73' lang='lat' dir='ltr'>Augustinus</span> <span class='ocrx_word' id='word_1_19' title='bbox 453 551 492 583; x_wconf 78' lang='lat' dir='ltr'>de</span> <span class='ocrx_word' id='word_1_20' title='bbox 511 551 708 583; x_wconf 71' lang='lat' dir='ltr'>divinatione</span> <span class='ocrx_word' id='word_1_21' title='bbox 728 550 908 583; x_wconf 81' lang='lat' dir='ltr'>demonum.</span> 
     </span>
     <span class='ocr_line' id='line_1_6' title="bbox 231 609 682 645; baseline -0.004 -2"><span class='ocrx_word' id='word_1_22' title='bbox 231 612 395 643; x_wconf 74' lang='lat' dir='ltr'>Senlerzlie</span> <span class='ocrx_word' id='word_1_23' title='bbox 414 611 528 642; x_wconf 79' lang='lat' dir='ltr'>Carini</span> <span class='ocrx_word' id='word_1_24' title='bbox 544 609 682 645; x_wconf 78' lang='lat' dir='ltr'>abbatis.</span> 
     </span>
    </p>

    <p class='ocr_par' dir='ltr' id='par_1_3' title="bbox 234 669 536 702">
     <span class='ocr_line' id='line_1_7' title="bbox 234 669 536 702; baseline 0 0"><span class='ocrx_word' id='word_1_25' title='bbox 234 672 370 702; x_wconf 75' lang='lat' dir='ltr'><em>Decreta</em></span> <span class='ocrx_word' id='word_1_26' title='bbox 388 669 536 702; x_wconf 76' lang='lat' dir='ltr'>Huberti.</span> 
     </span>
    </p>

    <p class='ocr_par' dir='ltr' id='par_1_4' title="bbox 235 728 566 773">
     <span class='ocr_line' id='line_1_8' title="bbox 235 728 566 773; baseline 0 -12"><span class='ocrx_word' id='word_1_27' title='bbox 235 730 397 761; x_wconf 76' lang='lat' dir='ltr'>Sententie</span> <span class='ocrx_word' id='word_1_28' title='bbox 415 728 566 773; x_wconf 77' lang='lat' dir='ltr'>ejusdem.</span> 
     </span>
    </p>

    <p class='ocr_par' dir='ltr' id='par_1_5' title="bbox 235 785 738 833">
     <span class='ocr_line' id='line_1_9' title="bbox 235 785 738 833; baseline -0.002 -12"><span class='ocrx_word' id='word_1_29' title='bbox 235 787 367 821; x_wconf 70' lang='lat' dir='ltr'>Boetius</span> <span class='ocrx_word' id='word_1_30' title='bbox 385 787 423 819; x_wconf 75' lang='lat' dir='ltr'>de</span> <span class='ocrx_word' id='word_1_31' title='bbox 435 786 650 833; x_wconf 56' lang='lat' dir='ltr'>phylosophia</span> <span class='ocrx_word' id='word_1_32' title='bbox 674 785 738 831; x_wconf 86' lang='lat'>(1).</span> 
     </span>
    </p>

    <p class='ocr_par' dir='ltr' id='par_1_6' title="bbox 237 847 461 891">
     <span class='ocr_line' id='line_1_10' title="bbox 237 847 461 891; baseline -0.013 -10"><span class='ocrx_word' id='word_1_33' title='bbox 237 847 381 881; x_wconf 84' lang='lat' dir='ltr'>Orosius</span> <span class='ocrx_word' id='word_1_34' title='bbox 399 847 461 891; x_wconf 75' lang='lat'>(2).</span> 
     </span>
    </p>

    <p class='ocr_par' dir='ltr' id='par_1_7' title="bbox 238 904 620 952">
     <span class='ocr_line' id='line_1_11' title="bbox 238 904 620 952; baseline -0.01 -11"><span class='ocrx_word' id='word_1_35' title='bbox 238 908 369 952; x_wconf 80' lang='lat' dir='ltr'>Regula</span> <span class='ocrx_word' id='word_1_36' title='bbox 384 905 475 938; x_wconf 83' lang='lat' dir='ltr'>beati</span> <span class='ocrx_word' id='word_1_37' title='bbox 492 904 620 938; x_wconf 74' lang='lat' dir='ltr'>Basilii.</span> 
     </span>
    </p>

    <p class='ocr_par' dir='ltr' id='par_1_8' title="bbox 239 962 861 1058">
     <span class='ocr_line' id='line_1_12' title="bbox 239 962 861 1010; baseline -0.003 -12"><span class='ocrx_word' id='word_1_38' title='bbox 239 965 331 999; x_wconf 87' lang='lat' dir='ltr'>Beda</span> <span class='ocrx_word' id='word_1_39' title='bbox 349 976 450 1010; x_wconf 83' lang='lat' dir='ltr'>super</span> <span class='ocrx_word' id='word_1_40' title='bbox 465 963 607 997; x_wconf 82' lang='lat' dir='ltr'>Cantica</span> <span class='ocrx_word' id='word_1_41' title='bbox 630 962 861 996; x_wconf 80' lang='lat' dir='ltr'>canticorum.</span> 
     </span>
     <span class='ocr_line' id='line_1_13' title="bbox 242 1023 445 1058; baseline -0.02 0"><span class='ocrx_word' id='word_1_42' title='bbox 242 1023 445 1058; x_wconf 76' lang='lat' dir='ltr'>Marbodt&#39;us.</span> 
     </span>
    </p>

    <p class='ocr_par' dir='ltr' id='par_1_9' title="bbox 240 1079 1061 1423">
     <span class='ocr_line' id='line_1_14' title="bbox 240 1079 1061 1125; baseline -0.005 -9"><span class='ocrx_word' id='word_1_43' title='bbox 240 1082 425 1116; x_wconf 56' lang='lat' dir='ltr'>Bernartius</span> <span class='ocrx_word' id='word_1_44' title='bbox 441 1080 540 1112; x_wconf 78' lang='lat' dir='ltr'>abbas</span> <span class='ocrx_word' id='word_1_45' title='bbox 556 1093 652 1125; x_wconf 70' lang='lat' dir='ltr'>super</span> <span class='ocrx_word' id='word_1_46' title='bbox 669 1093 680 1111; x_wconf 94' lang='grc'>.·</span> <span class='ocrx_word' id='word_1_47' title='bbox 698 1079 822 1113; x_wconf 76' lang='lat' dir='ltr'>Missus</span> <span class='ocrx_word' id='word_1_48' title='bbox 839 1089 886 1114; x_wconf 87' lang='lat' dir='ltr'>est</span> <span class='ocrx_word' id='word_1_49' title='bbox 906 1080 1061 1114; x_wconf 81' lang='lat' dir='ltr'>Gabriel.</span> 
     </span>
     <span class='ocr_line' id='line_1_15' title="bbox 240 1138 834 1174; baseline -0.002 0"><span class='ocrx_word' id='word_1_50' title='bbox 240 1141 440 1174; x_wconf 86' lang='lat' dir='ltr'>Jeronimus</span> <span class='ocrx_word' id='word_1_51' title='bbox 457 1147 577 1172; x_wconf 84' lang='lat' dir='ltr'>contra</span> <span class='ocrx_word' id='word_1_52' title='bbox 593 1138 834 1173; x_wconf 67' lang='lat' dir='ltr'>Jovinianum.</span> 
     </span>
     <span class='ocr_line' id='line_1_16' title="bbox 241 1197 841 1243; baseline -0.005 -10"><span class='ocrx_word' id='word_1_53' title='bbox 241 1199 439 1233; x_wconf 87' lang='lat' dir='ltr'>Jeronimus</span> <span class='ocrx_word' id='word_1_54' title='bbox 456 1197 499 1231; x_wconf 90' lang='lat' dir='ltr'>de</span> <span class='ocrx_word' id='word_1_55' title='bbox 517 1197 758 1242; x_wconf 82' lang='lat' dir='ltr'>questionibus</span> <span class='ocrx_word' id='word_1_56' title='bbox 777 1197 841 1243; x_wconf 81' lang='lat'>(3).</span> 
     </span>
     <span class='ocr_line' id='line_1_17' title="bbox 242 1256 755 1303; baseline -0.008 -12"><span class='ocrx_word' id='word_1_57' title='bbox 242 1259 424 1292; x_wconf 73' lang='lat' dir='ltr'>Jeronimus</span> <span class='ocrx_word' id='word_1_58' title='bbox 442 1270 537 1303; x_wconf 81' lang='lat' dir='ltr'>super</span> <span class='ocrx_word' id='word_1_59' title='bbox 550 1256 755 1303; x_wconf 81' lang='lat' dir='ltr'>psalterium,</span> 
     </span>
     <span class='ocr_line' id='line_1_18' title="bbox 243 1316 759 1352; baseline -0.004 0"><span class='ocrx_word' id='word_1_60' title='bbox 243 1317 449 1352; x_wconf 88' lang='lat' dir='ltr'>Ambrosius</span> <span class='ocrx_word' id='word_1_61' title='bbox 467 1316 509 1349; x_wconf 87' lang='lat' dir='ltr'>de</span> <span class='ocrx_word' id='word_1_62' title='bbox 525 1316 759 1351; x_wconf 78' lang='lat' dir='ltr'>sacramentis,</span> 
     </span>
     <span class='ocr_line' id='line_1_19' title="bbox 243 1373 703 1423; baseline -0.007 -13"><span class='ocrx_word' id='word_1_63' title='bbox 243 1373 477 1423; x_wconf 84' lang='lat' dir='ltr'>Ambrosiu[s]</span> <span class='ocrx_word' id='word_1_64' title='bbox 493 1374 536 1408; x_wconf 85' lang='lat' dir='ltr'>de</span> <span class='ocrx_word' id='word_1_65' title='bbox 552 1374 622 1408; x_wconf 77' lang='lat' dir='ltr'>fide</span> <span class='ocrx_word' id='word_1_66' title='bbox 640 1374 703 1420; x_wconf 73' lang='lat'>(4).</span> 
     </span>
    </p>

    <p class='ocr_par' dir='ltr' id='par_1_10' title="bbox 246 1433 699 1479">
     <span class='ocr_line' id='line_1_20' title="bbox 246 1433 699 1479; baseline -0.007 -10"><span class='ocrx_word' id='word_1_67' title='bbox 246 1440 429 1469; x_wconf 66' lang='lat' dir='ltr'>Exameron</span> <span class='ocrx_word' id='word_1_68' title='bbox 446 1433 613 1466; x_wconf 82' lang='lat' dir='ltr'>Ambrosii</span> <span class='ocrx_word' id='word_1_69' title='bbox 637 1433 699 1479; x_wconf 72' lang='grc' dir='ltr'>(ὃ)</span> 
     </span>
    </p>

    <p class='ocr_par' dir='ltr' id='par_1_11' title="bbox 246 1494 928 1708">
     <span class='ocr_line' id='line_1_21' title="bbox 246 1494 926 1542; baseline 0 -13"><span class='ocrx_word' id='word_1_70' title='bbox 246 1496 436 1529; x_wconf 71' lang='lat' dir='ltr'>Ambrosius</span> <span class='ocrx_word' id='word_1_71' title='bbox 453 1508 570 1542; x_wconf 78' lang='lat' dir='ltr'>super:</span> <span class='ocrx_word' id='word_1_72' title='bbox 586 1494 679 1528; x_wconf 72' lang='lat' dir='ltr'>Beati</span> <span class='ocrx_word' id='word_1_73' title='bbox 702 1494 926 1530; x_wconf 82' lang='lat' dir='ltr'>immaculati.</span> 
     </span>
     <span class='ocr_line' id='line_1_22' title="bbox 248 1553 757 1589; baseline -0.004 0"><span class='ocrx_word' id='word_1_74' title='bbox 248 1555 403 1589; x_wconf 88' lang='lat' dir='ltr'>Isidorus</span> <span class='ocrx_word' id='word_1_75' title='bbox 421 1554 463 1587; x_wconf 89' lang='lat' dir='ltr'>de</span> <span class='ocrx_word' id='word_1_76' title='bbox 480 1553 612 1588; x_wconf 84' lang='lat' dir='ltr'>naturis</span> <span class='ocrx_word' id='word_1_77' title='bbox 628 1567 757 1587; x_wconf 86' lang='lat' dir='ltr'>rerum.</span> 
     </span>
     <span class='ocr_line' id='line_1_23' title="bbox 250 1613 928 1658; baseline -0.001 -10"><span class='ocrx_word' id='word_1_78' title='bbox 250 1613 406 1648; x_wconf 85' lang='lat' dir='ltr'>Isidorus</span> <span class='ocrx_word' id='word_1_79' title='bbox 424 1625 527 1658; x_wconf 86' lang='lat' dir='ltr'>super</span> <span class='ocrx_word' id='word_1_80' title='bbox 545 1622 642 1648; x_wconf 86' lang='lat' dir='ltr'>vetus</span> <span class='ocrx_word' id='word_1_81' title='bbox 656 1614 928 1647; x_wconf 79' lang='lat' dir='ltr'>Testamentum.</span> 
     </span>
     <span class='ocr_line' id='line_1_24' title="bbox 247 1672 583 1708; baseline -0.009 0"><span class='ocrx_word' id='word_1_82' title='bbox 247 1672 427 1708; x_wconf 88' lang='lat' dir='ltr'>Sinonima</span> <span class='ocrx_word' id='word_1_83' title='bbox 444 1672 583 1706; x_wconf 83' lang='lat' dir='ltr'>Isidori.</span> 
     </span>
    </p>

    <p class='ocr_par' dir='ltr' id='par_1_12' title="bbox 250 1730 716 1765">
     <span class='ocr_line' id='line_1_25' title="bbox 250 1730 716 1765; baseline 0.002 -1"><span class='ocrx_word' id='word_1_84' title='bbox 250 1732 458 1765; x_wconf 77' lang='lat' dir='ltr'>Athanasius</span> <span class='ocrx_word' id='word_1_85' title='bbox 475 1730 517 1765; x_wconf 87' lang='lat' dir='ltr'>de</span> <span class='ocrx_word' id='word_1_86' title='bbox 533 1730 716 1765; x_wconf 79' lang='lat' dir='ltr'>Trinitate.</span> 
     </span>
    </p>

    <p class='ocr_par' dir='ltr' id='par_1_13' title="bbox 251 1791 602 1826">
     <span class='ocr_line' id='line_1_26' title="bbox 251 1791 602 1826; baseline -0.006 -1"><span class='ocrx_word' id='word_1_87' title='bbox 251 1791 434 1825; x_wconf 88' lang='lat' dir='ltr'>Summum</span> <span class='ocrx_word' id='word_1_88' title='bbox 452 1791 602 1826; x_wconf 78' lang='lat' dir='ltr'>bonum,</span> 
     </span>
    </p>

    <p class='ocr_par' dir='ltr' id='par_1_14' title="bbox 254 1849 427 1883">
     <span class='ocr_line' id='line_1_27' title="bbox 254 1849 427 1883; baseline -0.006 0"><span class='ocrx_word' id='word_1_89' title='bbox 254 1849 427 1883; x_wconf 84' lang='lat' dir='ltr'>Albricus.</span> 
     </span>
    </p>

    <p class='ocr_par' dir='ltr' id='par_1_15' title="bbox 253 1908 659 1955">
     <span class='ocr_line' id='line_1_28' title="bbox 253 1908 659 1955; baseline 0 -13"><span class='ocrx_word' id='word_1_90' title='bbox 253 1908 346 1943; x_wconf 86' lang='lat' dir='ltr'>Beda</span> <span class='ocrx_word' id='word_1_91' title='bbox 364 1921 465 1955; x_wconf 85' lang='lat' dir='ltr'>super</span> <span class='ocrx_word' id='word_1_92' title='bbox 485 1909 659 1943; x_wconf 86' lang='lat' dir='ltr'>Marcum.</span> 
     </span>
    </p>

    <p class='ocr_par' dir='ltr' id='par_1_16' title="bbox 254 1966 628 2013">
     <span class='ocr_line' id='line_1_29' title="bbox 254 1966 628 2013; baseline 0 -12"><span class='ocrx_word' id='word_1_93' title='bbox 254 1967 496 2013; x_wconf 78' lang='lat' dir='ltr'>Expositiones</span> <span class='ocrx_word' id='word_1_94' title='bbox 513 1966 628 2001; x_wconf 78' lang='lat' dir='ltr'>Bedae.</span> 
     </span>
    </p>

    <p class='ocr_par' dir='ltr' id='par_1_17' title="bbox 254 2025 707 2060">
     <span class='ocr_line' id='line_1_30' title="bbox 254 2025 707 2060; baseline 0 -1"><span class='ocrx_word' id='word_1_95' title='bbox 254 2025 421 2059; x_wconf 71' lang='lat' dir='ltr'>Diadema</span> <span class='ocrx_word' id='word_1_96' title='bbox 440 2027 707 2060; x_wconf 82' lang='lat' dir='ltr'>monachorum.</span> 
     </span>
    </p>

    <p class='ocr_par' dir='ltr' id='par_1_18' title="bbox 256 2086 775 2133">
     <span class='ocr_line' id='line_1_31' title="bbox 256 2086 775 2133; baseline 0.006 -15"><span class='ocrx_word' id='word_1_97' title='bbox 256 2088 384 2119; x_wconf 80' lang='lat' dir='ltr'>Decem</span> <span class='ocrx_word' id='word_1_98' title='bbox 402 2086 603 2119; x_wconf 82' lang='lat' dir='ltr'>collationes</span> <span class='ocrx_word' id='word_1_99' title='bbox 623 2096 775 2133; x_wconf 82' lang='lat' dir='ltr'>patrum,</span> 
     </span>
    </p>

    <p class='ocr_par' dir='ltr' id='par_1_19' title="bbox 257 2145 593 2178">
     <span class='ocr_line' id='line_1_32' title="bbox 257 2145 593 2178; baseline -0.003 0"><span class='ocrx_word' id='word_1_100' title='bbox 257 2145 361 2178; x_wconf 89' lang='lat' dir='ltr'>Liber</span> <span class='ocrx_word' id='word_1_101' title='bbox 379 2145 593 2177; x_wconf 73' lang='lat' dir='ltr'>sermonalis.</span> 
     </span>
    </p>

    <p class='ocr_par' dir='ltr' id='par_1_20' title="bbox 258 2203 540 2242">
     <span class='ocr_line' id='line_1_33' title="bbox 258 2203 540 2242; baseline 0 -6"><span class='ocrx_word' id='word_1_102' title='bbox 258 2203 416 2242; x_wconf 78' lang='lat' dir='ltr'>Epistolae</span> <span class='ocrx_word' id='word_1_103' title='bbox 432 2203 540 2236; x_wconf 82' lang='lat' dir='ltr'>Pauli.</span> 
     </span>
    </p>
   </div>
   <div class='ocr_carea' id='block_1_3' title="bbox 258 2261 1335 2368">
    <p class='ocr_par' dir='ltr' id='par_1_21' title="bbox 258 2261 1335 2368">
     <span class='ocr_line' id='line_1_34' title="bbox 258 2261 1335 2309; baseline 0 -14"><span class='ocrx_word' id='word_1_104' title='bbox 258 2263 406 2308; x_wconf 78' lang='lat' dir='ltr'>Magnus</span> <span class='ocrx_word' id='word_1_105' title='bbox 419 2262 621 2308; x_wconf 76' lang='lat' dir='ltr'>passionalis</span> <span class='ocrx_word' id='word_1_106' title='bbox 639 2263 698 2307; x_wconf 86' lang='lat' dir='ltr'>qui</span> <span class='ocrx_word' id='word_1_107' title='bbox 715 2262 835 2309; x_wconf 88' lang='lat' dir='ltr'>incipit</span> <span class='ocrx_word' id='word_1_108' title='bbox 853 2261 898 2296; x_wconf 84' lang='lat' dir='ltr'>ad</span> <span class='ocrx_word' id='word_1_109' title='bbox 914 2262 1020 2295; x_wconf 67' lang='lat' dir='ltr'>vitam</span> <span class='ocrx_word' id='word_1_110' title='bbox 1036 2262 1144 2296; x_wconf 84' lang='lat' dir='ltr'>sancti</span> <span class='ocrx_word' id='word_1_111' title='bbox 1161 2262 1335 2308; x_wconf 80' lang='lat' dir='ltr'>Gregorii.</span> 
     </span>
     <span class='ocr_line' id='line_1_35' title="bbox 258 2321 1271 2368; baseline -0.002 -12"><span class='ocrx_word' id='word_1_112' title='bbox 258 2324 346 2356; x_wconf 87' lang='lat' dir='ltr'>Item</span> <span class='ocrx_word' id='word_1_113' title='bbox 363 2322 449 2355; x_wconf 83' lang='lat' dir='ltr'>alius</span> <span class='ocrx_word' id='word_1_114' title='bbox 467 2334 609 2368; x_wconf 83' lang='lat' dir='ltr'>magnus</span> <span class='ocrx_word' id='word_1_115' title='bbox 625 2322 684 2367; x_wconf 86' lang='lat' dir='ltr'>qui</span> <span class='ocrx_word' id='word_1_116' title='bbox 700 2322 822 2368; x_wconf 81' lang='lat' dir='ltr'>incipit</span> <span class='ocrx_word' id='word_1_117' title='bbox 838 2321 882 2355; x_wconf 81' lang='lat' dir='ltr'>ad</span> <span class='ocrx_word' id='word_1_118' title='bbox 896 2322 1001 2355; x_wconf 80' lang='lat' dir='ltr'>vitam</span> <span class='ocrx_word' id='word_1_119' title='bbox 1020 2321 1126 2355; x_wconf 82' lang='lat' dir='ltr'>sancti</span> <span class='ocrx_word' id='word_1_120' title='bbox 1142 2322 1271 2356; x_wconf 85' lang='lat' dir='ltr'>Mauri.</span> 
     </span>
    </p>
   </div>
   <div class='ocr_carea' id='block_1_4' title="bbox 1565 2426 1618 2435">
    <p class='ocr_par' dir='ltr' id='par_1_22' title="bbox 1565 2426 1618 2435">
     <span class='ocr_line' id='line_1_36' title="bbox 1565 2426 1618 2435; baseline 0 0"><span class='ocrx_word' id='word_1_121' title='bbox 1565 2426 1618 2435; x_wconf 67' lang='lat' dir='ltr'>—a</span> 
     </span>
    </p>
   </div>
   <div class='ocr_carea' id='block_1_5' title="bbox 216 2494 1623 2597">
    <p class='ocr_par' dir='ltr' id='par_1_23' title="bbox 216 2494 1623 2597">
     <span class='ocr_line' id='line_1_37' title="bbox 261 2494 1623 2541; baseline -0.001 -11"><span class='ocrx_word' id='word_1_122' title='bbox 261 2496 306 2541; x_wconf 78' lang='grc'>(1)</span> <span class='ocrx_word' id='word_1_123' title='bbox 331 2497 377 2530; x_wconf 85' lang='lat' dir='ltr'>Ce</span> <span class='ocrx_word' id='word_1_124' title='bbox 404 2495 593 2529; x_wconf 81' lang='lat' dir='ltr'>manuscrit</span> <span class='ocrx_word' id='word_1_125' title='bbox 615 2495 726 2528; x_wconf 82' lang='lat' dir='ltr'>forme</span> <span class='ocrx_word' id='word_1_126' title='bbox 751 2494 978 2541; x_wconf 76' lang='lat' dir='ltr'>aujourd&#39;hui</span> <span class='ocrx_word' id='word_1_127' title='bbox 996 2495 1026 2528; x_wconf 87' lang='lat' dir='ltr'>la</span> <span class='ocrx_word' id='word_1_128' title='bbox 1048 2494 1216 2541; x_wconf 83' lang='lat' dir='ltr'>premiere</span> <span class='ocrx_word' id='word_1_129' title='bbox 1231 2495 1340 2541; x_wconf 87' lang='lat' dir='ltr'>partie</span> <span class='ocrx_word' id='word_1_130' title='bbox 1365 2495 1412 2529; x_wconf 91' lang='lat' dir='ltr'>du</span> <span class='ocrx_word' id='word_1_131' title='bbox 1435 2496 1623 2530; x_wconf 84' lang='lat' dir='ltr'>manuscrit</span> 
     </span>
     <span class='ocr_line' id='line_1_38' title="bbox 216 2550 1268 2597; baseline 0 -12"><span class='ocrx_word' id='word_1_132' title='bbox 216 2559 255 2585; x_wconf 87' lang='lat' dir='ltr'>n⁰</span> <span class='ocrx_word' id='word_1_133' title='bbox 281 2553 320 2585; x_wconf 71' lang='lat'>1⁵2</span> <span class='ocrx_word' id='word_1_134' title='bbox 339 2551 382 2585; x_wconf 90' lang='lat' dir='ltr'>de</span> <span class='ocrx_word' id='word_1_135' title='bbox 400 2553 430 2584; x_wconf 82' lang='lat' dir='ltr'>la</span> <span class='ocrx_word' id='word_1_136' title='bbox 445 2551 533 2583; x_wconf 89' lang='lat' dir='ltr'>Bibl.</span> <span class='ocrx_word' id='word_1_137' title='bbox 556 2550 762 2595; x_wconf 70' lang='lat' dir='ltr'>d&#39;Alencon,</span> <span class='ocrx_word' id='word_1_138' title='bbox 783 2570 827 2576; x_wconf 91' lang='lat'>-</span> <span class='ocrx_word' id='word_1_139' title='bbox 844 2551 938 2597; x_wconf 66' lang='lat' dir='ltr'>Voy.</span> <span class='ocrx_word' id='word_1_140' title='bbox 958 2551 1034 2596; x_wconf 89' lang='lat' dir='ltr'>plus</span> <span class='ocrx_word' id='word_1_141' title='bbox 1049 2551 1120 2593; x_wconf 83' lang='lat' dir='ltr'>bas,</span> <span class='ocrx_word' id='word_1_142' title='bbox 1140 2564 1178 2597; x_wconf 88' lang='lat' dir='ltr'>p.</span> <span class='ocrx_word' id='word_1_143' title='bbox 1198 2564 1268 2585; x_wconf 73' lang='lat' dir='ltr'>xm.</span> 
     </span>
    </p>
   </div>
   <div class='ocr_carea' id='block_1_6' title="bbox 264 2607 1362 2822">
    <p class='ocr_par' dir='ltr' id='par_1_24' title="bbox 264 2607 753 2653">
     <span class='ocr_line' id='line_1_39' title="bbox 264 2607 753 2653; baseline -0.002 -13"><span class='ocrx_word' id='word_1_144' title='bbox 264 2607 310 2652; x_wconf 72' lang='grc' dir='ltr'>(Ξ)</span> <span class='ocrx_word' id='word_1_145' title='bbox 336 2609 430 2653; x_wconf 76' lang='lat' dir='ltr'>Voy.</span> <span class='ocrx_word' id='word_1_146' title='bbox 449 2607 609 2649; x_wconf 77' lang='lat' dir='ltr'>Orderic‚</span> <span class='ocrx_word' id='word_1_147' title='bbox 629 2608 678 2651; x_wconf 71' lang='grc' dir='ltr'>ΙΙ,</span> <span class='ocrx_word' id='word_1_148' title='bbox 695 2609 753 2640; x_wconf 78' lang='grc'>48.</span> 
     </span>
    </p>

    <p class='ocr_par' dir='ltr' id='par_1_25' title="bbox 265 2661 1362 2822">
     <span class='ocr_line' id='line_1_40' title="bbox 265 2661 1362 2709; baseline 0.001 -13"><span class='ocrx_word' id='word_1_149' title='bbox 265 2664 312 2709; x_wconf 90' lang='grc'>(3)</span> <span class='ocrx_word' id='word_1_150' title='bbox 336 2663 701 2708; x_wconf 80' lang='lat' dir='ltr'>Tres-probablement</span> <span class='ocrx_word' id='word_1_151' title='bbox 719 2662 750 2697; x_wconf 88' lang='lat' dir='ltr'>le</span> <span class='ocrx_word' id='word_1_152' title='bbox 766 2669 804 2696; x_wconf 86' lang='lat' dir='ltr'>n⁰</span> <span class='ocrx_word' id='word_1_153' title='bbox 822 2662 841 2696; x_wconf 74' lang='lat'>⁶2</span> <span class='ocrx_word' id='word_1_154' title='bbox 856 2661 915 2696; x_wconf 89' lang='lat' dir='ltr'>des</span> <span class='ocrx_word' id='word_1_155' title='bbox 934 2663 1138 2697; x_wconf 81' lang='lat' dir='ltr'>manuscrits</span> <span class='ocrx_word' id='word_1_156' title='bbox 1155 2663 1362 2709; x_wconf 69' lang='lat' dir='ltr'>d&#39;Alenqon.</span> 
     </span>
     <span class='ocr_line' id='line_1_41' title="bbox 268 2719 1305 2765; baseline 0.001 -13"><span class='ocrx_word' id='word_1_157' title='bbox 268 2719 317 2764; x_wconf 71' lang='grc'>(4)</span> <span class='ocrx_word' id='word_1_158' title='bbox 344 2719 611 2752; x_wconf 80' lang='lat' dir='ltr'>Probablement</span> <span class='ocrx_word' id='word_1_159' title='bbox 629 2719 659 2752; x_wconf 81' lang='lat' dir='ltr'>le</span> <span class='ocrx_word' id='word_1_160' title='bbox 678 2726 717 2752; x_wconf 86' lang='lat' dir='ltr'>n0</span> <span class='ocrx_word' id='word_1_161' title='bbox 739 2721 775 2752; x_wconf 86' lang='lat'>11</span> <span class='ocrx_word' id='word_1_162' title='bbox 800 2719 859 2752; x_wconf 88' lang='lat' dir='ltr'>des</span> <span class='ocrx_word' id='word_1_163' title='bbox 877 2720 1079 2753; x_wconf 83' lang='lat' dir='ltr'>manuscrits</span> <span class='ocrx_word' id='word_1_164' title='bbox 1097 2719 1305 2765; x_wconf 67' lang='lat' dir='ltr'>d&#39;Alenqon.</span> 
     </span>
     <span class='ocr_line' id='line_1_42' title="bbox 269 2774 1307 2822; baseline 0.003 -15"><span class='ocrx_word' id='word_1_165' title='bbox 269 2774 320 2820; x_wconf 72' lang='grc' dir='ltr'>(ὃ)</span> <span class='ocrx_word' id='word_1_166' title='bbox 350 2775 615 2809; x_wconf 80' lang='lat' dir='ltr'>Probablement</span> <span class='ocrx_word' id='word_1_167' title='bbox 633 2775 663 2808; x_wconf 90' lang='lat' dir='ltr'>le</span> <span class='ocrx_word' id='word_1_168' title='bbox 683 2784 722 2809; x_wconf 89' lang='lat' dir='ltr'>n⁰</span> <span class='ocrx_word' id='word_1_169' title='bbox 742 2777 784 2809; x_wconf 89' lang='grc'>10</span> <span class='ocrx_word' id='word_1_170' title='bbox 802 2775 861 2809; x_wconf 78' lang='lat' dir='ltr'>des</span> <span class='ocrx_word' id='word_1_171' title='bbox 878 2776 1080 2810; x_wconf 87' lang='lat' dir='ltr'>manuscrits</span> <span class='ocrx_word' id='word_1_172' title='bbox 1101 2775 1307 2822; x_wconf 70' lang='lat' dir='ltr'>d&#39;Alentgon.</span> 
     </span>
    </p>
   </div>
  </div>
 </body>
</html>
