2081 3408
198 281 333 330 [1141]
578 281 721 316 LIBER
748 280 952 317 TERTIUS
990 279 1214 316 DECIMUS.
1524 283 1597 318 125

193 380 236 416 et
253 369 494 432 repemina
510 369 705 414 mutatio
727 386 834 413 cum
854 367 1110 412 multorum
1128 367 1409 414 detrimento
1434 369 1594 415 subse-

192 457 299 492 cuta
320 455 401 491 est.
420 446 677 491 Rannulfus
693 446 818 491 enim
833 461 991 491 comes
1007 448 1173 490 Cestrae
1185 455 1228 490 et
1242 446 1516 491 (juillelmus
1538 447 1596 492 de

192 526 439 577 Ramnara,
454 522 662 567 uterinus
683 522 820 567 frater
830 522 867 583 ej
877 539 943 579 us⁷
961 532 1123 567 contra
1134 522 1424 584 Stephanum
1441 539 1594 584 regem

191 598 558 653 rebellaverunt,
587 609 630 644 et
657 616 813 644 arcem
840 615 980 661 quain
1022 598 1237 644 Lincotiae
1268 600 1325 644 ad
1350 600 1594 645 tutandam

191 675 355 720 urbem
377 676 474 739 ipse
501 675 787 738 possidebat,
820 675 1138 720 fraudulenter
1163 676 1450 721 invaserunt.
1479 678 1594 723 Nam

191 756 373 812 tempus
411 766 505 812 quo
550 760 784 795 turrenses
825 749 984 795 famuli
1039 766 1121 812 per
1169 749 1350 795 diversa
1401 749 1594 814 dispersi

191 824 373 872 fuerant
405 826 566 872 callide
604 827 986 890 exploraverant,
1023 836 1067 871 et
1101 836 1212 871 tunc
1242 828 1465 888 conjuges
1489 845 1594 875 suas

190 905 322 965 quasi
354 921 493 950 causa
516 904 711 950 ludendi
736 903 794 949 ad
824 920 977 948 arcem
1002 904 1333 966 przemiserant.
1361 905 1590 967 Denique,

189 980 303 1025 dum
325 982 499 1027 ibidem
527 982 629 1027 duze
662 981 907 1026 comitissae
934 990 1230 1025 morarentur
1255 990 1299 1026 et
1324 998 1431 1026 curn
1450 999 1594 1028 uxore

189 1058 344 1104 militis
378 1060 457 1122 qui
498 1060 660 1104 turrim
704 1058 822 1103 tueri
866 1057 1066 1102 debehat
1106 1057 1323 1103 luderent
1355 1068 1399 1103 et
1434 1059 1593 1105 confa-

187 1133 479 1193 bularentur9
504 1151 661 1180 eomes
694 1137 878 1189 Cestree‚
906 1143 1169 1179 exarmatus
1197 1143 1241 1179 et
1265 1135 1364 1179 sine
1393 1136 1590 1192 amictu,

186 1212 319 1273 quasi
343 1229 428 1274 pro
451 1211 720 1258 reducenda
735 1227 879 1256 uxore
905 1220 1061 1267 sua,et
1088 1219 1178 1255 tres
1204 1211 1387 1269 milites,
1405 1212 1594 1258 nemine

186 1288 377 1350 aliquod
415 1289 591 1334 [nalum
623 1289 908 1352 suspicante,
930 1287 1167 1332 subsecuti
1192 1297 1315 1347 sunt⁷
1345 1297 1404 1345 et,
1434 1288 1497 1333 sic
1520 1288 1596 1333 in-

186 1365 343 1425 gressi,
373 1376 564 1428 repente
597 1374 751 1410 vectes
781 1374 823 1410 et
857 1380 985 1410 arma
1017 1381 1118 1426 quae
1154 1364 1349 1410 aderant
1384 1365 1595 1427 arripue-

184 1451 309 1498 runt,
350 1451 395 1486 et
436 1442 651 1487 custodes
690 1443 808 1503 regis
847 1441 1075 1486 violenter
1110 1441 1365 1502 ejecerunt.
1413 1442 1594 1488 Deinde

185 1519 460 1564 Guillelmus
492 1530 534 1565 et
570 1520 736 1565 armati
768 1520 934 1564 milites
967 1536 1076 1564 cum
1101 1519 1208 1576 illo,
1254 1529 1299 1564 ut
1337 1530 1474 1566 antea
1503 1520 1595 1566 dis-

184 1597 390 1659 positum
417 1597 587 1656 fuerat⁷
618 1597 915 1653 introierunt,
944 1606 988 1641 et
1018 1596 1082 1641 sic
1108 1596 1205 1642 duo
1231 1597 1392 1642 fratres
1429 1599 1591 1643 turrim

184 1690 293 1718 cum
328 1684 423 1719 tota
458 1673 574 1719 urbe
612 1674 700 1719 sibi
736 1673 1121 1735 subjugaverunt.
1152 1677 1298 1719 Porro
1334 1675 1594 1721 Alexander

185 1751 434 1814 episcopus
461 1761 503 1796 et
529 1752 650 1796 cives
677 1760 900 1796 eventum
932 1751 1027 1811 regi
1058 1750 1421 1797 mandaverunt.
1450 1752 1592 1807 Quod

184 1826 380 1872 audiens
412 1844 489 1872 rex
514 1827 649 1874 Yalde
674 1830 816 1873 iratus
844 1837 934 1886 est,
969 1837 1011 1873 et
1039 1827 1166 1889 quod
1202 1837 1383 1872 tantum
1412 1827 1590 1872 facinus

187 1903 453 1948 amicissimi
480 1904 594 1965 ejus,
624 1903 796 1965 quibus
820 1920 1014 1965 magnos
1047 1903 1253 1948 honores
1277 1913 1321 1948 et
1345 1903 1591 1963 dignitates

186 1989 407 2036 auxerat,
444 1979 687 2039 fecissent,
728 1981 919 2025 miratus
958 1989 1042 2024 est.
1081 1979 1263 2024 Deinde
1297 1988 1403 2042 post
1439 1979 1591 2024 natale

186 2056 378 2100 Domini
412 2057 665 2101 exercitum
695 2056 1016 2117 congregavit,
1058 2056 1311 2100 Lincoliam
1343 2055 1591 2100 confestim

187 2133 415 2194 perrexit,
444 2133 709 2194 auxilioque
737 2133 910 2177 cix‘ium
935 2132 1028 2177 fere
1065 2149 1159 2176 xvn
1186 2132 1383 2190 milites,
1424 2132 1504 2194 qui
1540 2132 1588 2176 in

187 2209 302 2255 urbe
322 2210 556 2271 jacebant,
579 2219 721 2255 noctu
745 2226 798 2254 ex
820 2210 1057 2272 insperato
1076 2208 1453 2270 etmipreliendit.
1481 2212 1587 2253 Duo

186 2303 297 2332 vero
335 2288 527 2332 comites
555 2303 663 2332 cum
702 2286 921 2331 uxoribus
947 2295 989 2330 et
1015 2285 1318 2330 familiaribus
1345 2286 1504 2331 amicis
1539 2287 1586 2331 in

187 2381 292 2410 arce
313 2375 459 2422 erant,
489 2364 739 2426 subitoque
753 2361 1092 2409 circumvallati
1119 2362 1231 2425 quid
1258 2363 1588 2424 agerentanxii

188 2441 475 2487 nesciebant.

251 2518 459 2564 Tandem
498 2517 781 2575 Rannulfus,
820 2517 900 2579 qui
927 2516 1088 2579 junior
1116 2526 1213 2562 erat
1249 2533 1302 2562 ae
1342 2516 1518 2563 facilior
1541 2527 1586 2563 et

187 2595 552 2651 audacissimus,
583 2604 724 2639 noctu
763 2610 870 2639 cum
905 2593 1064 2656 paucis
1088 2610 1297 2654 egressus
1329 2603 1421 2653 est,
1457 2604 1500 2640 et
1537 2595 1583 2639 in

188 2673 478 2717 cestrensem
491 2672 782 2734 provinciam
795 2671 852 2716 ad
872 2687 978 2715 suos
993 2670 1227 2733 profectus
1240 2681 1323 2716 est.
1341 2671 1584 2717 Rodberto

187 2759 345 2795 autem
363 2749 523 2795 comiti
540 2748 598 2795 de
613 2748 889 2794 Gloucestra
913 2763 1078 2794 socero
1098 2764 1183 2794 suo
1208 2747 1400 2812 aliisque
1423 2748 1583 2794 amieis
