2081 3408
780 297 1046 334 APPENDIX.
1534 301 1607 336 147

264 384 352 420 544.
385 381 565 419 Silverius
587 395 697 433 papa.

264 445 351 479 546.
385 443 553 494 x'igilius.

262 507 350 541 556.
385 507 464 541 Hoc
486 514 654 555 tempore
674 507 882 558 Sigibertus
900 521 966 544 rex
988 509 1216 545 Francorum
1241 511 1384 546 occisus
1401 519 1456 547 est
1476 511 1608 548 fraude

207 564 388 615 Hilperici
415 568 582 616 germani
614 568 670 604 sui
691 583 775 605 cum
801 583 876 619 quo
899 569 1041 607 bellum
1075 571 1224 616 inierat,
1259 585 1495 623 regnumque
1527 574 1607 621 ejus

207 627 470 665 Childebertus
502 630 599 667 filius
632 631 711 678 ejus
740 631 862 669 adhuc
895 633 1076 683 puerulus
1104 647 1189 670 cum
1214 635 1457 672 Brunicliilde
1488 644 1608 673 matre

206 688 414 739 regendum
437 691 614 741 suscepit.

259 753 346 790 569..
382 753 554 803 Pelagius
574 766 682 803 papa.

261 814 349 850 565.
381 815 549 850 Justinus
571 814 693 850 minor
716 814 935 865 imperator.

259 874 348 908 573.
381 872 572 909 Joliannes
600 886 709 923 papa.

259 936 348 969 576.
380 934 528 970 Justino
548 935 725 971 successit
745 934 929 971 Tiberius.

258 997 346 1031 579.
379 995 613 1045 Chilpericus
637 1009 704 1033 rex
727 997 975 1034 Francorum.

259 1059 348 1096 581.
381 1058 554 1109 Pelagius
576 1072 685 1108 papa.

255 1121 344 1157 582.
377 1120 526 1157 Tiberio
547 1120 725 1157 successit
748 1120 964 1156 Mauricius.

252 1181 481 1218 Interlicitur
507 1185 743 1218 Pretextatus
771 1181 1079 1232 archiepiscopus
1107 1184 1413 1234 Rotomagensis,
1439 1185 1498 1221 cui
1520 1199 1605 1222 suc-

199 1241 297 1278 cedit
320 1243 518 1279 Melantius
533 1274 542 1290 ‚
564 1243 650 1280 licet
669 1243 845 1294 indigne,
870 1243 972 1293 quia,
997 1253 1036 1281 ut
1057 1245 1195 1293 ferunt,
1223 1245 1269 1282 de
1288 1246 1391 1282 necis
1412 1247 1491 1294 ejus
1511 1260 1605 1284 con-

199 1316 308 1340 sensu
330 1305 579 1342 calumniatus
599 1314 668 1343 est.

252 1367 340 1404 585.
374 1366 637 1404 Childebertus
658 1379 724 1403 rex
747 1368 994 1405 Francorum.
1019 1389 1070 1395 -—
1093 1368 1321 1406 Benedictus
1342 1381 1453 1419 papa.

251 1429 342 1468 588.
374 1429 575 1466 Lotharius
597 1443 679 1468 rex,

249 1494 292 1528 In
316 1491 388 1528 hoc
408 1505 507 1528 anno
529 1492 596 1528 suit
617 1500 727 1528 natus
748 1499 898 1528 sanctus
920 1491 1140 1529 Audoenus.

249 1555 338 1591 589.
370 1553 633 1591 Cliildebertus
672 1566 737 1590 rex
775 1553 988 1602 Ingundem
1029 1567 1125 1591 soroi
1141 1567 1197 1590 ,m
1235 1567 1341 1591 suam
1381 1556 1603 1593 Erminaldo

194 1616 391 1667 Levigitdo
419 1616 715 1668 Wisigothorum
748 1615 916 1652 tradidit.
949 1616 1144 1653 Ortatione
1173 1616 1338 1653 Leandri
1371 1618 1604 1668 Hispalensis

194 1679 360 1729 episcopi
381 1687 416 1716 et
436 1692 504 1730 sue
524 1679 692 1729 conjugis
712 1677 759 1715 ad
784 1677 897 1714 fidem
919 1678 1143 1715 catholicam
1168 1692 1374 1717 conversus
1394 1689 1464 1717 est.

248 1744 338 1781 591.
369 1743 576 1793 Gregorius
604 1755 715 1792 papa.
748 1741 818 1778 Hic
845 1742 1104 1792 augmentavit
1131 1742 1169 1779 in
1197 1741 1456 1793 predicatione
1489 1757 1603 1782 cano-

192 1803 250 1841 nis
272 1818 279 1839 :
304 1807 465 1853 Diesque
487 1814 623 1840 nostros
644 1805 681 1839 in
706 1813 768 1839 tua
783 1817 880 1850 pace
901 1806 1066 1852 dispone.

247 1869 336 1903 594.
369 1866 562 1903 Hildulfus
581 1865 867 1916 Rotomagensis
889 1866 1211 1916 archiepiscopus.

247 1931 336 1965 596.
369 1928 502 1965 Obitus
526 1927 643 1965 sancti
662 1927 806 1964 Ebrulfi
825 1927 983 1964 abbatis.

247 1993 327 2027 Hoc
359 1999 528 2040 ternpore
569 1989 840 2026 monasterium
876 1990 994 2026 sancti
1033 1989 1225 2027 Benedicti
1257 2004 1278 2027 a
1309 1990 1596 2041 Languobardis

193 2053 423 2090 destructum
455 2061 521 2088 est.
558 2054 646 2088 Post
672 2059 838 2088 sanctum
880 2051 1123 2087 Benedictum
1165 2053 1451 2099 Constantint153
1486 2062 1594 2103 post,

191 2115 425 2164 Simplicius3
447 2122 544 2163 post,
560 2113 688 2150 vitalis
703 2128 711 2157 ;
731 2120 828 2162 post,
844 2112 997 2149 Bonitus
1014 2111 1083 2148 sub
1099 2126 1175 2162 quo
1192 2113 1396 2150 destructio
1410 2115 1506 2152 facta
1523 2124 1592 2153 est.

245 2177 333 2211 598.
365 2174 618 2211 Teodeliertus
634 2187 699 2210 rex
718 2175 968 2219 Francorum,
992 2181 1027 2209 et
1041 2173 1265 2210 Teodericus
1281 2204 1288 2218 ‚
1311 2187 1396 2210 eum
1413 2175 1593 2213 Lothario

191 2237 361 2288 patruele
381 2251 448 2275 suo
466 2236 607 2273 bellum
631 2235 743 2287 gessit
762 2248 924 2284 eumque
946 2235 1189 2272 vehementer
1206 2236 1350 2274 afflixit.

244 2302 333 2338 603.
364 2299 552 2336 Defuncto
572 2298 773 2341 Mauricio,
796 2297 860 2346 qui
881 2297 948 2334 suit
975 2297 1118 2347 primus
1139 2299 1348 2335 Grecorum
1370 2297 1591 2348 imperator,

190 2362 364 2400 successit
384 2365 515 2399 Focas.

244 2427 332 2461 605.
364 2424 495 2461 Obitus
515 2422 632 2460 sancti
652 2420 825 2472 Gregorii
844 2433 954 2471 pape.

242 2489 331 2524 606.
365 2487 588 2525 Savinianus
608 2498 717 2535 papa.

243 2551 331 2586 608.
366 2549 576 2585 Bonifacius
601 2560 711 2597 papa.

244 2614 331 2648 609.
365 2611 550 2648 Defuncto
571 2612 688 2655 Foca,
711 2608 887 2646 successit
908 2608 1116 2646 Heraclius.

241 2675 330 2711 611.
363 2676 443 2709 Hoc
471 2681 641 2722 tempore
668 2679 817 2707 sanctus
850 2669 1104 2708 Columbanus
1136 2669 1271 2706 claruit
1302 2679 1337 2707 et
1373 2671 1584 2708 Luxoviam

190 2736 398 2773 construxit
417 2743 452 2773 et
469 2743 549 2784 post
572 2733 729 2771 Bobium
751 2733 848 2769 infra
868 2732 1027 2769 Italiam.
