2081 3408
475 347 530 372 ιιι
1092 335 1266 372 NOTICE

523 423 595 456 III.
613 422 735 457 Wala.

524 481 613 514 IIII.
636 481 757 515 Hatra.

521 541 567 574 V.
587 537 758 571 Itermod.

520 599 586 631 VI.
606 595 795 630 Heremod.

519 657 603 690 VII.
626 654 827 688 Scelduvea.

519 714 622 746 VIII.
642 714 770 746 Beavu.

521 774 584 809 IX.
603 774 747 808 Cetuva.

519 834 566 866 X.
587 833 707 866 Geata.
728 832 831 865 Hunc
845 830 968 865 Getam
985 831 1055 876 jam
1074 828 1211 862 dudum
1227 829 1357 875 Pagani
1374 841 1438 875 pro
1455 831 1529 862 Deo
1548 830 1816 863 venerabantur.

516 892 582 925 XI.
602 890 866 937 Findgoldvulf.

518 951 605 984 XII.
626 949 853 995 Fridhupulf.

521 1010 626 1043 XIII.
645 1010 804 1055 Frealap.

520 1069 645 1102 XIIII.
664 1064 907 1101 Frithovuald.

520 1128 600 1160 XV.
621 1125 784 1161 VVoden.
803 1126 855 1158 Ab
881 1125 950 1157 hoc
975 1125 1079 1169 Angli
1105 1125 1227 1158 feriam
1246 1133 1401 1169 quartam
1420 1122 1597 1159 Wodenis
1614 1122 1707 1156 diem
1737 1134 1882 1155 nuncu-

474 1194 571 1232 pant.
590 1185 655 1218 Hic
672 1193 800 1230 septem
818 1183 908 1215 filios
926 1182 1044 1227 genuit
1061 1196 1079 1215 a
1098 1183 1226 1228 quibus
1243 1183 1439 1228 Anglorum
1456 1181 1555 1227 origo
1573 1181 1752 1227 processit.

521 1245 622 1278 XVI.
644 1244 780 1277 VVehta
794 1270 801 1284 ‚
821 1255 840 1275 a
857 1254 926 1287 quo
945 1242 1136 1275 Cantuarii.

639 1303 762 1336 Casere
776 1328 784 1343 ‚
805 1313 824 1334 a
840 1313 910 1346 quo
931 1300 1097 1345 Estangli,

639 1361 965 1406 W'eotl1etllelgeat‚
981 1372 999 1393 a
1017 1373 1085 1404 quo
1102 1368 1181 1394 sunt
1199 1358 1367 1408 Me1·ci[i],

636 1419 864 1466 VVeagdeaffi
885 1433 905 1453 a
921 1431 990 1464 quo
1010 1418 1117 1454 Deiri.

640 1479 829 1525 Bealdeag,
850 1491 868 1512 a
885 1490 955 1523 quo
975 1478 1079 1512 West
1096 1489 1253 1511 saxones.

641 1539 812 1585 VVilgels,
830 1551 849 1571 a
866 1550 936 1583 quo
955 1536 1119 1570 Bernicii.

640 1599 784 1642 VVinta,
806 1610 824 1631 a
844 1609 915 1642 quo
935 1595 1134 1632 Lindiffari.

522 1658 643 1694 XVII.
661 1655 859 1706 [Bealdeag]
877 1657 994 1702 genuit
1011 1654 1129 1688 Brund
1141 1682 1150 1698 ‚
1168 1667 1187 1688 a
1203 1666 1274 1699 quo
1298 1653 1421 1700 regalis
1438 1652 1623 1699 progenies
1638 1657 1715 1684 orta
1731 1657 1794 1682 est.

524 1717 662 1751 XVIII.
684 1716 748 1749 Hic
768 1716 885 1762 genuit
903 1714 1112 1761 Freodegar.
1135 1713 1263 1747 Genuit

523 1776 624 1809 XIX.
644 1776 827 1808 Frevuine.
848 1774 978 1808 Genuit

523 1835 604 1869 XX.
624 1834 726 1879 Wig.
745 1833 874 1867 Genuit

523 1892 623 1927 XXI.
643 1891 770 1932 Gewss,
788 1904 807 1924 a
822 1903 891 1935 quo
912 1890 1071 1924 Britones
1087 1896 1197 1922 totam
1211 1888 1306 1921 illam
1327 1886 1466 1922 Genwis
1480 1886 1664 1919 nominant
1681 1892 1830 1931 gentem.

522 1952 643 1986 XXII.
664 1951 757 1984 Esla.

524 2011 664 2044 XXIII.
683 2011 794 2044 Elesa.

522 2069 680 2102 XXIIII.
700 2067 837 2103 Cerdic.
858 2067 924 2100 Hic
945 2079 1025 2100 cum
1040 2066 1113 2099 filio
1139 2078 1201 2098 suo
1220 2065 1312 2098 Ciric
1328 2062 1549 2098 Nathanleod
1571 2075 1687 2108 regem
1704 2062 1889 2095 Britonum

475 2141 556 2161 cum
581 2127 735 2172 quinque
755 2126 894 2159 milibus
919 2126 1077 2158 virorum
1099 2123 1228 2158 occidit
1246 2133 1277 2157 et
1291 2132 1441 2167 quatuor
1456 2123 1630 2155 bellorum
1647 2121 1792 2155 victoria
1811 2120 1889 2153 fun-

477 2196 550 2221 ctus
568 2199 623 2219 sex
641 2186 742 2218 annis
761 2185 929 2230 regnavit.

526 2245 642 2278 XXV.
662 2245 766 2279 Ciric.

526 2305 661 2338 XXVI.
681 2302 828 2336 Crvoda.

526 2364 680 2397 XXVII.
702 2363 831 2395 (linric.
849 2363 1019 2408 Regnavit
1039 2375 1121 2396 xxv1
1139 2361 1253 2395 annis.

523 2423 698 2457 XXVIII.
723 2423 882 2464 Ceaulin‚
900 2435 981 2455 xxx.

526 2482 662 2516 XXIX.
681 2481 893 2514 Cutlxuline.

528 2541 646 2574 XXX.
665 2540 793 2573 Cutha.

527 2600 581 2633 Hii
601 2599 673 2632 duo
694 2597 907 2644 [Cuthvuine
923 2606 955 2630 et
975 2596 1102 2641 Cutha]
1121 2605 1188 2629 tres
1205 2607 1300 2640 reges
1316 2595 1499 2628 Britonum
1525 2594 1733 2633 Commeail.
1755 2593 1890 2627 Condi-

479 2660 549 2694 dail
575 2668 607 2692 et
624 2658 795 2691 l⁴'ari11m‹·l
816 2670 893 2689 cum
922 2657 1037 2689 multis
1062 2657 1137 2690 aliis
1166 2654 1371 2688 occiderunt
1393 2664 1425 2687 et
1445 2663 1513 2687 tres
1537 2654 1639 2686 urbes
1654 2653 1886 2690 Glavecestre.

481 2720 694 2753 Ci1·‹·nc‹›stre
712 2725 743 2749 vt
762 2716 1007 2749 Bathancestre
1023 2716 1254 2749 abstulerunt.

526 2777 663 2810 XXXI.
682 2773 877 2808 Cedvuald.

525 2835 682 2872 XXXII.
700 2832 874 2868 Coenred.
