2081 3408
787 260 1048 297 APPENDIX.
1544 262 1561 297 1
1572 263 1620 298 75

218 349 273 387 sia
292 357 417 387 autem
430 348 522 386 ville
547 361 620 398 que
642 346 791 384 Villaris
811 347 947 385 (licitur
968 361 1053 385 cum
1071 361 1147 384 uno
1166 347 1328 398 hospite.
1349 350 1391 385 In
1418 348 1506 386 villa
1528 361 1621 387 vero

217 425 291 461 que
312 420 554 461 nuncupatur
572 410 646 447 Oht
664 412 718 457 (1)
738 411 1008 447 monasterium
1029 419 1065 448 et
1095 419 1192 447 terra
1212 410 1410 461 presbiteri
1438 425 1523 448 cum
1544 424 1621 450 uno

215 473 362 523 hospite
382 482 418 510 et
446 473 591 510 decima
612 473 919 510 molendinorum
938 473 1108 523 ejusdem
1131 473 1234 510 ville.
1255 475 1298 509 Et
1325 473 1363 509 in
1392 475 1621 512 monasterio

217 534 264 572 de
283 537 473 586 Vayprato
494 535 681 573 dederunt
701 535 813 572 etiam
831 535 940 572 talem
964 544 1108 586 partem
1128 534 1278 584 qualem
1297 534 1414 571 tenuit
1433 534 1621 574 Robertus

215 605 327 646 pater
358 610 504 634 eorum.
531 600 708 634 Preterea
729 597 914 635 decimam
943 597 990 634 de
1016 598 1137 634 Buina
1163 607 1199 634 et
1226 596 1263 632 in
1284 596 1444 634 Belmeis
1466 597 1621 634 terciam

214 666 360 708 partem
388 658 595 695 molendini
620 672 704 696 cum
726 659 874 696 decima
902 658 1095 706 ejusdem,
1121 658 1423 708 beneficiumque
1450 659 1621 696 Fulcuini

214 719 418 770 presbiteri
454 733 497 757 ac
532 720 717 757 decimam
749 720 959 757 molendini
995 720 1148 759 Oliveti.
1192 722 1321 757 Unum
1360 720 1546 770 hospitem
1582 721 1622 758 in

212 781 399 818 Colavilla
418 796 502 818 cum
538 782 685 820 decima
706 783 818 820 totius
839 783 943 820 ville.
968 783 1162 819 Decimam
1188 795 1339 832 quoque
1366 796 1453 820 cere
1473 796 1621 820 necnon

213 851 249 880 et
274 843 520 881 denariorum
547 845 673 882 Sancti
706 845 806 882 Petri
836 845 934 882 inter
968 848 1126 882 Montes.
1167 847 1329 895 Insuper
1356 845 1553 882 ecclesiam
1582 845 1622 883 in

213 905 298 942 vico
322 907 387 956 qui
408 917 566 944 vocatur
588 908 725 958 Fogei,
754 915 790 944 et
811 907 955 944 decime
975 917 1118 957 partem
1142 907 1357 944 Coluncelle
1376 907 1479 956 quod
1504 908 1623 945 tenuit

213 969 383 1018 prefatus
411 969 600 1007 Robertus
635 978 741 1020 pater
773 983 919 1007 eorum.
941 972 1097 1006 Terram
1126 982 1219 1006 vero
1258 969 1305 1006 (16
1336 970 1493 1007 Ceulleit
1519 969 1623 1007 dedit

213 1033 342 1081 Hugo,
365 1032 579 1081 petentibus
600 1040 732 1081 sponte
755 1031 916 1068 dominis
937 1031 1105 1077 ejusdem
1136 1030 1225 1067 ville
1252 1044 1417 1080 quorum
1439 1031 1622 1068 allodium

212 1102 306 1139 erat,
330 1094 452 1131 eidem
478 1094 651 1132 cenobio.
672 1097 794 1131 Immo
819 1104 855 1131 et
875 1093 1162 1131 decimationem
1183 1093 1353 1129 omnium
1378 1106 1621 1131 carrucarum

213 1154 292 1202 ejus
314 1164 351 1192 et
375 1169 569 1206 pecorum.
594 1158 638 1192 Et
671 1155 854 1192 decimam
879 1155 926 1193 de
946 1159 1073 1192 Monte
1095 1155 1247 1201 Calvet‚
1270 1163 1344 1191 tam
1370 1154 1419 1191 de
1445 1155 1622 1193 theloneo

210 1228 327 1266 quam
363 1216 410 1253 de
445 1231 609 1255 annona.
655 1217 860 1255 Ecclesiam
904 1225 1030 1254 autem
1068 1216 1115 1253 de
1153 1216 1355 1266 Luvigniei
1392 1230 1477 1253 cum
1521 1225 1622 1254 terra

211 1278 428 1328 presbiteri.
462 1282 639 1317 Preterea
675 1288 815 1317 terram
849 1293 924 1329 que
954 1279 1168 1329 appellatur
1205 1281 1411 1316 Nueretum
1444 1278 1619 1318 Mainart.

210 1341 332 1391 Igitur
362 1342 400 1379 in
434 1342 517 1379 loco
544 1343 610 1393 qui
642 1343 780 1380 dicitur
807 1343 955 1380 'Maisnil
979 1345 1157 1389 Bernart,
1192 1349 1331 1379 terram
1366 1341 1479 1379 unius
1507 1342 1621 1379 aratri

212 1411 249 1439 et
287 1412 426 1440 terram
459 1404 549 1441 ville
580 1406 769 1442 l‘anaceti.
806 1407 937 1442 Preter
970 1404 1040 1441 hec
1077 1417 1230 1453 quoque
1263 1404 1533 1441 monasterium
1574 1404 1622 1442 de

214 1467 408 1504 Mancellis
442 1481 527 1504 cum
566 1476 664 1505 terra
690 1467 904 1519 presbiteri.
929 1471 972 1504 Et
1001 1467 1047 1504 de
1068 1469 1192 1518 Sappo
1220 1466 1404 1503 decimam
1437 1467 1618 1505 thelonei.

210 1529 346 1566 Villam
379 1543 470 1580 ergo
500 1544 573 1580 que
597 1531 816 1568 nominatur
838 1530 986 1568 Maisnil
1015 1529 1121 1567 Doda
1156 1538 1192 1566 et
1222 1529 1420 1566 ecclesiam
1448 1529 1495 1566 de
1520 1530 1622 1567 Lim-

210 1589 303 1628 both
323 1605 408 1628 cum
431 1601 529 1629 terra
551 1593 751 1643 presbiteri
773 1602 809 1630 et
831 1593 1047 1644 portionem
1071 1592 1174 1642 quod
1197 1592 1318 1629 tenuit
1336 1591 1480 1629 Hadvis
1502 1600 1622 1630 mater

211 1666 343 1690 eorum
365 1654 402 1690 in
418 1656 544 1692 Veteri
564 1656 724 1693 Maisnil.
744 1659 874 1693 Preter
894 1656 979 1699 hec,
998 1654 1320 1692 consentientibus
1341 1664 1378 1692 et
1397 1655 1623 1693 condonan-

212 1715 312 1753 tibus
342 1717 427 1754 filiis
452 1718 528 1754 suis
560 1718 670 1755 simul
692 1727 728 1756 et
748 1718 939 1762 fratribus,
963 1718 1118 1755 donavit
1139 1730 1253 1767 supra
1274 1726 1506 1754 memoratus
1526 1718 1621 1755 Wil-

214 1777 352 1815 lelmus
402 1781 673 1817 monasterium
716 1780 762 1817 de
816 1780 963 1817 Escalfo
1004 1779 1268 1828 decimamque
1310 1778 1479 1826 ejusdem
1529 1780 1621 1817 ville

217 1838 383 1877 thelonei
403 1841 573 1891 predicto
594 1841 768 1888 cenobio,
790 1855 875 1879 cum
901 1851 1000 1878 terra
1021 1841 1219 1891 presbiteri
1239 1841 1441 1888 Adelelmi‚
1465 1850 1500 1878 et
1519 1842 1621 1878 deci-

213 1902 414 1939 mationem
452 1904 570 1940 tottius
606 1904 701 1940 silve
725 1904 773 1941 ad
799 1904 959 1940 eandem
994 1904 1124 1940 villam
1153 1903 1391 1953 pertinentis,
1422 1903 1619 1953 ipsamque

212 1963 346 2000 silvam
370 1964 415 2001 ad
436 1966 646 2002 necessaria
676 1966 801 2002 omnia
819 1968 894 2013 (2),
916 1966 1072 2016 insuper
1095 1974 1130 2001 et
1151 1965 1377 2001 monasteria
1397 1965 1523 2002 omnia
1546 1978 1620 2015 que

212 2033 300 2061 tunc
330 2026 367 2062 in
390 2026 558 2063 dominio
585 2041 652 2064 suo
676 2027 859 2072 habebat,
886 2040 1048 2077 quorum
1080 2039 1197 2063 unum
1224 2026 1259 2062 in
1287 2026 1470 2063 honorem
1502 2028 1619 2064 sancti

211 2087 365 2138 Georgii
382 2097 641 2126 constructum
660 2098 715 2126 est
740 2089 777 2125 in
801 2089 890 2125 villa
911 2088 1147 2134 Mostari0103
1171 2088 1246 2124 duo
1266 2088 1480 2135 Vernuciis,
1501 2102 1618 2126 unum

211 2147 250 2184 in
281 2148 463 2186 honorem
491 2160 617 2187 sancte
646 2151 776 2196 Marie,
806 2151 965 2189 alterum
1001 2150 1038 2186 in
1074 2150 1257 2186 honorem
1279 2150 1397 2186 sancti
1429 2151 1555 2196 Pauli3
1581 2151 1619 2188 in

210 2210 301 2247 villa
323 2214 448 2262 Sappo
470 2212 560 2259 dun,
584 2226 699 2249 unum
724 2214 761 2249 in
783 2213 967 2249 honorem
985 2212 1101 2249 sancti
1123 2211 1236 2257 Petri,
1259 2212 1418 2248 alterum
1438 2212 1476 2249 in
1498 2213 1620 2250 liono-

211 2285 291 2310 rem
320 2274 437 2311 sancti
471 2275 643 2321 Martini,
672 2289 757 2312 cum
797 2275 951 2313 decimis
987 2284 1022 2312 et
1053 2275 1163 2311 terris
1193 2283 1228 2311 et
1258 2274 1433 2312 omnibus
1463 2275 1510 2312 ad
1538 2276 1619 2327 ipsa

211 2337 439 2374 monasteria
457 2337 747 2388 pertinentibus
771 2338 830 2375 Ad
856 2338 925 2375 liec
954 2337 1118 2375 decimas
1138 2337 1402 2374 theloneorum
1425 2339 1617 2377 omnium-

285 2585 296 2616 1
344 2585 469 2616 AHot.

261 2582 318 2684 ((2))
334 2641 386 2672 Au
409 2639 476 2672 lieu
498 2638 558 2673 des
584 2647 673 2674 niots
698 2641 830 2688 ipsamq.
856 2654 883 2674 s.
913 2652 945 2673 α.
975 2652 1008 2676 n.
1038 2640 1158 2683 omnia,
1181 2651 1228 2673 on
1252 2639 1291 2674 lit
1316 2638 1402 2674 dans
1419 2640 1450 2673 A
1469 2651 1476 2674 z
1497 2645 1561 2671 tam
1578 2635 1617 2672 de

212 2695 321 2728 suibus
341 2709 433 2743 quam
450 2697 489 2729 de
509 2699 654 2731 nummis.
