2081 3408
497 294 545 329 98
882 290 1112 327 HISTORIA
1140 289 1365 326 ECCLESIA
1372 290 1517 325 STICA.
1763 288 1820 341 [ll
1834 289 1898 343 37]

493 379 741 426 Castellum
777 387 819 421 et
853 393 1017 422 omnes
1049 378 1258 439 captivos
1291 394 1410 440 quos
1444 378 1613 422 retines
1645 377 1704 422 de
1730 379 1900 423 nostris

493 457 654 511 redde,
684 469 943 515 omnesque
969 470 1087 515 quos
1111 454 1340 499 hahemus
1364 454 1422 499 de
1449 455 1608 499 vestris
1634 455 1804 517 recipe,
1834 465 1895 513 et,

491 534 557 579 sic
571 530 878 594 jurejurando
894 530 1077 575 firmata
1091 547 1220 592 pace,
1236 548 1342 576 cuin
1360 531 1580 577 omnihus
1597 532 1687 576 tuis
1702 531 1899 577 libenter

491 609 706 655 recede.»
726 611 831 653 Haec
851 607 1063 664 audiens,
1080 607 1221 652 Fulco
1234 624 1342 653 suos
1358 609 1555 670 repetiit,
1573 618 1616 653 et
1638 608 1722 653 illis
1741 610 1900 653 onmia

490 702 594 749 quae
632 684 843 730 audierat
872 700 898 729 a
924 693 1125 745 tyranno
1158 683 1341 740 retulit,
1378 694 1423 729 et
1452 684 1565 746 quid
1599 685 1645 729 in
1685 694 1779 729 tam
1805 702 1899 730 an-

489 762 629 824 gustis
661 760 800 806 rebus
832 760 1068 821 agendum
1101 770 1219 805 esset
1242 761 1559 821 interrogavit.
1599 764 1651 805 At
1672 761 1757 818 illi,
1787 764 1898 807 viei-

486 856 600 884 num
638 837 724 882 sihi
752 838 1010 882 nescientes
1047 836 1298 890 auxilium,
1338 837 1459 882 anxii
1492 836 1627 881 velox
1664 837 1899 884 dederunt

486 914 755 962 consilium.
776 914 956 958 Hortati
973 922 1081 958 sunt
1106 922 1153 958 ut
1170 913 1304 958 'l‘urci
1326 913 1636 958 redderentur
1656 930 1742 976 pro
1764 931 1898 978 erep-

484 992 613 1037 tione
634 991 1030 1047 Christianorum,
1048 999 1097 1034 nt
1111 991 1412 1035 Damascenis
1429 989 1714 1052 panderetur
1728 993 1898 1037 Montis

486 1069 665 1130 Regalis
680 1068 928 1131 oppidum,
947 1084 1006 1112 ne
1024 1067 1200 1112 obsessi
1215 1067 1423 1112 subirent
1439 1068 1601 1112 mortis
1614 1067 1893 1130 periculum,

482 1156 527 1192 et
550 1145 805 1191 Jerusalem
830 1145 990 1190 civitas
1021 1155 1181 1190 sancta
1215 1144 1314 1189 sine
1349 1144 1595 1189 defensore
1630 1154 1804 1206 pateret
1829 1145 1897 1190 lu-

481 1222 636 1268 dibrio
659 1222 917 1283 gentilium.
956 1223 1159 1267 Territus
1186 1222 1342 1283 itaque
1376 1222 1516 1266 Fulco
1552 1238 1630 1266 rex
1658 1221 1894 1267 consultui

480 1318 671 1347 suorum
689 1300 949 1363 adquievit,
969 1310 1137 1345 etcum
1153 1299 1349 1345 ethnicis
1375 1315 1539 1361 pacem
1562 1315 1704 1361 quam
1723 1316 1895 1362 popos-

480 1388 640 1424 cerant
671 1394 779 1423 cum
813 1387 1106 1422 sacramento
1146 1377 1340 1440 pepigit.
1379 1376 1585 1437 sanguin
1622 1377 1892 1438 prcesidium

480 1465 526 1502 et
572 1465 794 1518 nepotem
832 1472 967 1500 suum
1015 1471 1157 1517 quem
1203 1463 1422 1517 ceperant
1463 1455 1662 1516 recepit,
1702 1464 1745 1499 et
1794 1455 1893 1516 ipse

477 1531 784 1577 nihilominus
830 1531 1104 1576 Christianis
1146 1532 1328 1576 vinctos
1373 1547 1563 1585 eorum,
1612 1541 1662 1575 ut
1702 1540 1891 1593 pactum

478 1608 644 1666 fuerat,
664 1607 885 1653 reddidit.
909 1608 1089 1653 Deinde
1106 1607 1403 1670 triumphans
1418 1617 1461 1652 et
1481 1606 1647 1652 ludens
1663 1617 1890 1668 tyrannus

480 1686 674 1730 Fulconi
698 1686 808 1730 dixit
830 1705 839 1730 :
872 1705 892 1728 «
914 1689 1146 1748 Deceptus
1166 1703 1231 1743 es,
1263 1702 1358 1742 rex,
1385 1703 1405 1726 ›>
1424 1694 1469 1728 et
1495 1695 1645 1730 castra
1666 1685 1890 1729 Christia-

477 1779 650 1807 norum
670 1763 750 1824 qui
776 1762 835 1807 ad
861 1762 1135 1823 suffragium
1161 1762 1259 1823 ejus
1284 1771 1511 1807 venerant
1530 1761 1753 1806 ostendit.
1775 1761 1885 1817 Sed,

475 1841 687 1902 quamvis
722 1839 882 1885 fideles
914 1857 1055 1902 super
1089 1839 1180 1883 hoc
1215 1839 1502 1901 sophismate
1530 1839 1681 1883 moesti
1713 1848 1884 1895 essent,

474 1918 646 1962 mutari
678 1918 909 1962 sententia
940 1917 1164 1979 nequivit.
1208 1920 1325 1961 Data
1361 1915 1573 1977 profecto
1613 1917 1884 1972 securitate,

473 2011 551 2039 rex
592 2004 635 2039 et
677 1994 940 2056 patriarcha
982 2003 1026 2038 et
1065 1993 1226 2038 fideles
1265 1992 1375 2037 hinc
1413 2002 1457 2037 et
1493 1993 1603 2037 inde
1644 2009 1888 2038 convene-

472 2080 608 2126 runt,
653 2080 699 2115 et
734 2087 757 2115 a
792 2080 994 2132 tyranno
1031 2079 1081 2114 ut
1119 2069 1299 2113 occisos
1333 2069 1379 2113 in
1416 2068 1540 2113 bello
1577 2068 1738 2113 fratres
1775 2086 1886 2114 suos

471 2146 666 2210 sepelire
686 2146 771 2191 sihi
791 2147 1094 2209 permitteret,
1118 2147 1368 2209 petierunt.
1394 2148 1640 2190 Annuente
1658 2145 1755 2202 illo,
1779 2163 1886 2191 cor-

472 2239 589 2285 pora
622 2233 975 2286 peremptorum
1013 2223 1321 2284 quaesierunt,
1349 2223 1538 2267 inventa
1572 2222 1817 2283 diligenter
1841 2233 1887 2268 et

474 2298 737 2343 honorilice
760 2299 1133 2355 tumulaverunt,
1159 2297 1330 2360 quibus
1355 2297 1468 2342 dum
1490 2313 1656 2342 aureos
1683 2298 1742 2342 de
1767 2298 1884 2360 digi-

474 2374 530 2418 tis
545 2375 746 2419 annulos
772 2375 1015 2421 extrahere
1041 2374 1230 2431 vellent,
1256 2391 1351 2419 non
1376 2383 1646 2436 [nituerunt.
1668 2375 1884 2420 Viventes

472 2451 611 2511 igitur
626 2455 1004 2516 omnipotentem
1020 2453 1276 2498 Dominum
1302 2451 1469 2496 ‹lexote
1488 2451 1816 2510 laudaverunt,
1838 2464 1883 2499 ct

472 2529 641 2573 Christi
669 2541 894 2593 martyres
919 2548 1028 2576 cuin
1055 2531 1344 2575 ornamentis
1370 2529 1462 2574 suis
1486 2540 1765 2575 veneranter
1790 2530 1882 2576 hu—

475 2617 737 2651 maverunt.

539 2688 742 2729 xxxiv.
777 2685 949 2730 Eadem
984 2692 1279 2748 tempestate,
1316 2684 1509 2746 quando
1545 2684 1880 2746 Jerosolyinitae

474 2760 707 2817 flebiliter,
734 2770 785 2806 ut
800 2759 975 2806 dietum
991 2771 1073 2819 est,
1100 2760 1158 2807 ab
1179 2759 1377 2805 ethnicis
1391 2760 1550 2806 afflicti
1569 2770 1694 2820 sunt,
1714 2771 1757 2806 et
1774 2761 1880 2807 Rai-
