2081 3408
230 230 496 278 [1112-1126]
609 233 753 267 LIBER
781 234 984 270 TER'HUS
1021 233 1245 270 DECIMUS.
1581 238 1628 271 155

230 320 427 362 Parvum
449 320 618 378 Regem
635 319 909 375 vocitantes,
928 319 1190 364 libertatem
1208 321 1334 381 regni
1350 320 1436 365 sub
1453 338 1508 365 eo
1526 339 1543 366 x
1556 322 1608 366 iri
1627 354 1629 356 -

226 394 329 439 litet·
360 394 621 439 defendunt
655 397 742 457 (1).
782 399 906 441 lnter
928 397 1141 460 praefatos
1173 414 1300 459 reges
1323 399 1440 443 acris
1464 415 1629 461 guerra

226 470 305 515 diu
332 470 532 528 duravit,
559 481 601 517 et
623 472 769 518 multa
787 472 1004 535 subjectis
1026 473 1238 536 plebibus
1259 474 1430 520 damna
1453 475 1624 522 intulit.

229 547 416 593 Praefata
441 564 552 593 vero
575 549 743 594 mulier
767 549 813 594 in
841 551 1060 596 maritum
1094 551 1379 596 omnimodis
1404 553 1554 607 sawit,
1585 563 1630 599 et

226 624 416 686 nepoti,
468 625 548 687 qui
595 636 839 688 paternam
884 627 1190 673 hereditatem
1239 627 1454 690 regebat,
1496 629 1624 675 savit.

224 701 458 759 Tandem,
494 702 656 748 divino
684 715 829 761 nutu,
864 704 981 749 sicut
1018 704 1129 766 Egla
1166 721 1282 749 uxor
1316 705 1493 762 David,
1523 717 1629 768 post

226 777 455 823 diutinam
481 779 657 824 caedem
683 780 956 826 difficultate
982 791 1140 843 partus
1163 781 1301 844 periit
1320 782 1409 842 (2).
1427 786 1528 837 Qua
1547 782 1628 827 de-

225 853 409 913 functa,
438 855 686 901 bellicosos
717 874 847 918 reges
878 874 1043 903 serena
1066 875 1155 920 pax
1189 858 1236 902 in
1268 858 1520 903 amicitiam
1546 876 1629 904 co—

225 930 430 992 pulavit,
467 943 512 978 et
543 934 790 979 unanimes
827 933 980 979 fervor
1017 933 1257 997 praeliandi
1284 944 1447 980 contra
1479 935 1626 981 ethni-

227 1024 307 1054 cos
331 1011 544 1055 armavit.

292 1088 409 1130 Vllt.
438 1089 573 1131 Anno
589 1085 647 1131 ab
662 1087 984 1132 incarnatione
998 1087 1188 1132 Domini
1209 1105 1244 1132 M
1259 1105 1284 1133 c
1297 1104 1460 1147 xxxin,
1479 1088 1629 1133 indic-

226 1161 353 1206 tione
380 1179 453 1220 XI,
480 1162 777 1207 Hildefonsus
803 1166 1090 1226 Arragonum
1122 1181 1199 1209 rex
1232 1165 1486 1210 exercitum
1513 1182 1629 1210 con-

227 1248 295 1283 tra
319 1255 526 1302 paganos
549 1241 836 1302 aggregavit,
859 1251 903 1286 et
928 1241 1292 1286 munitissimum
1323 1242 1628 1288 ditissimum-

226 1332 316 1377 que
365 1317 603 1362 castellum
642 1317 1008 1380 Maescl1i1]az(3)
1039 1318 1246 1378 obsedit,
1284 1330 1328 1365 et
1379 1320 1630 1383 oppidanis

227 1394 539 1455 turgentibus,
595 1395 676 1457 qui
736 1394 908 1440 divitiis
968 1405 1012 1441 et
1068 1396 1286 1441 ciborum
1341 1396 1629 1443 abundantia

226 1470 643 1534 inaccessibilique,
686 1481 734 1516 ut
771 1471 1012 1529 rebantur,
1040 1472 1258 1518 firmitate
1285 1473 1624 1535 gloriabantur,

223 1548 442 1610 praecepit
492 1558 543 1593 ut
586 1564 684 1593 sese
734 1548 980 1593 indemnes
1023 1549 1280 1608 dederent,
1328 1560 1372 1595 et
1421 1551 1466 1595 in
1515 1568 1629 1615 pace

225 1624 446 1670 omnibus
469 1641 628 1670 secum
654 1625 791 1671 rebus
813 1626 906 1671 suis
929 1625 1121 1671 sublatis
1151 1627 1441 1672 recederent.
1480 1632 1533 1674 At
1566 1630 1628 1674 illi

225 1701 390 1746 acriter
423 1703 712 1759 restiterunt,
737 1713 780 1748 et
816 1703 965 1748 minas
998 1703 1097 1765 ejus
1132 1720 1185 1749 ac
1222 1705 1448 1767 promissa
1474 1708 1629 1768 parvi-

225 1779 507 1842 penderunt.
550 1782 776 1825 Strenuus
807 1790 963 1825 autem
1001 1797 1078 1825 rex
1113 1797 1196 1843 per
1227 1791 1316 1826 tres
1346 1783 1628 1845 septimanas

228 1856 405 1902 fortiter
436 1857 539 1903 illos
566 1858 817 1916 coartavit,
841 1867 885 1903 et
911 1858 1190 1902 exteriorem
1220 1859 1496 1904 munitionis
1522 1876 1627 1923 par-

273 2058 322 2104 (l)
341 2057 687 2101 Alfonsc-Raimond‚
707 2058 872 2090 liuitieine
890 2057 935 2090 du
955 2070 1036 2090 nom
1053 2059 1107 2096 (cn
1127 2065 1303 2102 comptam
1324 2070 1386 2089 son
1403 2058 1624 2105 beau-pere),

226 2118 269 2150 nc
286 2130 327 2150 en
360 2119 461 2157 1106,
484 2118 532 2150 fut
549 2118 723 2163 proclama-5
743 2117 795 2149 roi
818 2120 834 2149 a
859 2118 953 2149 Leon
976 2115 1268 2148 immediatement
1294 2119 1392 2160 apres
1417 2117 1445 2149 la
1474 2126 1564 2150 mort
1584 2117 1626 2151 de

225 2190 259 2210 sa
279 2182 382 2218 merc,
407 2180 535 2222 epousa
551 2190 592 2210 en
622 2177 707 2211 1128
734 2175 826 2209 dosia
850 2177 1056 2220 Berengere,
1082 2175 1151 2206 fith-
1175 2174 1217 2206 de
1242 2174 1416 2207 Raimond
1441 2176 1624 2221 berenger,

223 2236 394 2271 troisieme
422 2235 469 2268 du
495 2248 591 2276 nom,
620 2244 731 2268 comte
754 2234 796 2267 dc
814 2234 1013 2274 Barcclonc,
1034 2233 1069 2265 fit
1096 2234 1276 2279 beaucoup
1300 2233 1343 2266 ‹lc
1366 2236 1549 2278 conquetes
1569 2248 1627 2268 sur

225 2298 270 2330 les
288 2298 438 2335 Maures,
468 2295 516 2327 fut
544 2295 720 2340 proclaine
746 2305 926 2338 cmpcreur
949 2292 1142 2336 d'Espagnc
1168 2306 1209 2324 en
1236 2294 1340 2333 1135,
1364 2301 1395 2325 et
1424 2306 1466 2325 ne
1487 2302 1627 2327 mourut

225 2369 290 2401 quc
307 2357 336 2389 le
358 2356 397 2390 ,⁶21
422 2355 503 2387 aout
527 2356 626 2387 1157.
647 2355 754 2387 Nom»
772 2361 893 2386 auteur
912 2353 942 2383 lc
961 2349 1071 2396 prend
1092 2363 1184 2396 pour
1200 2351 1230 2383 le
1248 2364 1355 2383 ncvcu
1375 2351 1416 2384 dc
1433 2364 1466 2384 sa
1485 2356 1590 2384 mere.

274 2415 320 2460 (2)
338 2415 432 2448 Cette
450 2413 639 2459 princcsse,
663 2413 788 2446 maricc
807 2425 848 2443 en
878 2412 961 2443 1000
990 2423 1080 2455 pour
1103 2411 1132 2442 la
1150 2411 1318 2454 premiere
1337 2411 1420 2452 fois,
1446 2412 1499 2443 n'a
1522 2415 1625 2456 gnere

226 2489 273 2522 pu
292 2476 424 2508 mourir
441 2488 481 2508 en
501 2475 650 2508 couches
667 2473 840 2506 trentesix‘
860 2484 920 2504 ans
938 2471 1013 2515 plus
1030 2469 1118 2502 tard.
1139 2471 1234 2503 Nous
1251 2484 1292 2502 nc
1315 2483 1435 2503 savons
1461 2472 1558 2516 point
1578 2472 1622 2504 ou

228 2545 326 2568 notre
350 2544 472 2568 auteur
489 2548 505 2567 a
523 2535 594 2580 pris
619 2525 758 2579 qu'Fgla
772 2561 778 2573 ,
802 2534 923 2565 lcmnn:
943 2530 985 2562 dc
1005 2528 1130 2571 llarid,
1158 2530 1235 2562 ctait
1260 2539 1370 2562 morte
1389 2542 1430 2563 en
1458 2529 1621 2564 couches.

227 2596 273 2627 Le
291 2593 470 2626 (lcuxieme
487 2593 588 2626 Livrc
605 2592 664 2626 des
680 2592 760 2625 Rois
778 2600 809 2624 ct
826 2592 854 2623 le
872 2589 1019 2636 premier
1036 2588 1096 2622 des
1112 2589 1390 2635 Paralipomenss
1414 2592 1493 2623 n'en
1513 2589 1621 2623 disent

226 2654 312 2687 rien.

274 2712 319 2760 (3)
339 2711 588 2757 Mequinenza?
