2081 3408
451 294 525 330 102
837 293 1065 329 HISTORIA
1094 294 1319 332 ECCLESIA
1327 295 1474 333 STICA.
1724 297 1756 345 [1
1771 299 1860 347 1:38]

449 397 585 427 curas
619 390 760 442 atque
784 378 969 425 labores
996 398 1117 444 quos
1147 400 1393 446 perpessus
1427 400 1558 441 sum,
1585 393 1630 429 et
1653 383 1862 431 infirmas

449 474 578 504 escas
592 456 764 519 quibus
785 456 1028 502 infeliciter
1054 459 1260 504 inclusus
1282 461 1327 504 in
1350 463 1507 505 Monte
1535 461 1689 522 Regali
1712 479 1863 524 nuper

449 553 561 581 usus
605 551 736 593 sum,
787 533 1051 579 lethiferam
1094 537 1418 596 aegritudinem
1468 555 1577 583 cum
1624 539 1863 585 sodalibus

448 613 562 658 meis
602 611 812 671 incurri,
852 611 1056 674 ideoque
1095 628 1224 658 nunc
1268 614 1531 676 praepedior
1572 616 1862 661 consobrino

448 707 555 736 meo
587 689 648 735 ad
670 698 905 734 certamen
940 688 1286 735 adminiculari.
1318 694 1535 736 Nostram
1559 693 1697 753 igitur
1721 709 1861 738 excu-

448 768 679 813 sationem
702 775 1032 828 agnoscentes,
1063 766 1146 825 ite,
1174 766 1471 829 dominoque
1497 777 1651 812 vestro
1679 785 1731 813 ex
1760 786 1864 815 mea

447 853 578 908 parte
603 843 743 889 dicite
767 852 820 888 ut
844 858 1009 906 pacem
1033 860 1143 888 cum
1173 844 1456 907 imperatore
1481 844 1638 903 faciat,
1662 862 1864 908 meoque

443 922 575 984 jussu
597 920 657 966 ab
677 921 779 984 ipso
799 920 931 982 cnjus
949 920 1066 982 juris
1091 931 1158 966 est
1179 920 1346 966 urbem
1364 922 1572 984 recipiat,
1595 931 1639 966 et
1659 921 1865 983 legaliter

449 1007 622 1044 teneat.
677 998 966 1043 Christianus
1010 998 1137 1042 enim
1173 1007 1240 1042 est
1283 998 1539 1061 imperator
1592 1014 1866 1062 magnaeque

447 1077 669 1140 potentiae
701 1085 745 1122 et
777 1091 803 1120 a
836 1075 1024 1119 Francis
1054 1074 1331 1120 honoratus.
1373 1075 1419 1119 Si
1450 1074 1573 1134 vult,
1604 1075 1866 1122 admodum

447 1153 569 1199 valet
614 1152 718 1197 illos
760 1151 1001 1213 adjuvare.
1036 1171 1056 1192 »
1097 1152 1283 1196 Reversi
1319 1168 1432 1196 vero
1472 1151 1607 1212 legati
1644 1169 1866 1215 responsa

449 1246 658 1292 congrue
681 1228 1020 1286 reddiderunt,
1047 1227 1240 1290 duoque
1266 1228 1502 1291 principes
1527 1245 1708 1291 pacem,
1734 1245 1867 1292 pere-

450 1308 592 1369 grinis
617 1317 662 1352 et
684 1306 912 1351 universis
930 1307 976 1351 in
996 1305 1178 1352 Christo
1209 1305 1508 1351 credentibus
1527 1307 1607 1369 qui
1630 1307 1674 1351 in
1691 1308 1869 1353 Graecia

450 1386 545 1430 sive
572 1385 701 1446 Syria
720 1383 1031 1428 morabantur
1051 1382 1382 1440 commodam,
1406 1384 1526 1428 inter
1549 1400 1597 1429 se.
1621 1383 1869 1429 confirma-

450 1472 634 1508 verunt.
655 1461 948 1507 Raimundus
967 1462 1121 1523 itaque
1141 1461 1288 1506 homo
1315 1460 1462 1506 factus
1483 1462 1690 1522 Augusti,
1708 1462 1867 1506 Antio-

451 1540 606 1585 chiam
630 1538 689 1584 ab
715 1539 794 1583 illo
821 1538 1001 1601 accepit
1025 1574 1036 1593 ‚
1079 1547 1119 1582 et
1160 1538 1417 1601 imperator
1442 1537 1506 1582 illi
1540 1538 1795 1583 amicitiam
1824 1548 1869 1583 et

451 1616 681 1662 auxilium
717 1625 884 1660 contra
918 1617 1201 1659 Damascum
1239 1630 1501 1676 omnesque
1531 1614 1724 1674 gentiles
1755 1631 1867 1677 pro-

452 1696 591 1742 misit.
629 1697 735 1739 Haec
774 1693 931 1754 itaque
969 1707 1158 1752 guerra,
1194 1708 1297 1753 quze
1330 1707 1414 1754 per
1447 1707 1598 1735 annos
1632 1690 1776 1736 ferme
1812 1707 1868 1735 xri

453 1773 680 1819 damnose
717 1769 1014 1833 perduravit,
1045 1778 1121 1825 et,
1157 1784 1240 1830 per
1271 1767 1572 1812 ssuamundns
1607 1783 1868 1829 eorumque

453 1864 744 1898 successores
778 1855 943 1891 contra
981 1844 1189 1889 Alexi‘um
1222 1854 1322 1889 orta
1341 1882 1350 1900 ,
1381 1845 1576 1905 agitata,
1607 1844 1868 1890 innumeris

455 1927 643 1973 milibus
685 1924 873 1969 vincula
923 1922 1277 1984 perniciemque
1316 1930 1361 1966 et
1397 1922 1542 1966 multa
1589 1921 1869 1967 detrimenta

453 2004 675 2061 contulit,
704 2001 886 2047 favente
910 2002 1035 2057 Deo,
1064 2015 1193 2043 nunc
1218 1998 1305 2043 sub
1335 1998 1629 2062 principibus
1654 1998 1869 2044 Johanne

455 2086 664 2144 Augusto
701 2088 746 2124 et
791 2075 1055 2122 Raimundo
1097 2075 1379 2132 pictavensi,
1426 2074 1584 2119 multis
1625 2074 1869 2136 utriusque

455 2160 598 2224 partis
622 2154 958 2220 gaudentibus,
986 2153 1196 2198 cessavit.

519 2236 703 2279 XXXV.
730 2235 865 2277 Anno
888 2229 947 2275 ab
968 2229 1290 2274 incarnatione
1310 2228 1498 2273 Domini
1518 2244 1777 2284 Mcxxxvln,
1802 2229 1871 2273 in-

456 2312 664 2358 dictione
685 2327 716 2367 1,
742 2307 1005 2354 Ludovicus
1023 2305 1209 2367 juvenis
1232 2321 1311 2349 rex
1337 2307 1623 2349 Francorum
1649 2304 1776 2367 apud
1798 2305 1870 2348 Bi-

454 2391 654 2435 turicam
674 2389 719 2433 in
741 2386 902 2432 Natale
922 2384 1113 2429 Domini
1137 2392 1390 2428 coronatus
1413 2390 1480 2427 est
1500 2382 1584 2444 gt),
1613 2381 1772 2444 ibique
1798 2383 1871 2427 in-

455 2485 567 2531 gens
598 2467 727 2512 curia
752 2464 984 2510 nobilium
1005 2472 1051 2507 et
1075 2460 1387 2506 mediocrium
1412 2460 1621 2504 virorum
1653 2459 1711 2504 de
1737 2460 1868 2504 omni

503 2668 547 2715 (l)
569 2668 665 2701 Nous
689 2664 832 2697 n'nvon‘z
855 2662 953 2708 point
971 2661 1219 2694 connaissance
1239 2659 1282 2692 ‹h›
1306 2672 1342 2691 cc
1366 2668 1643 2692 conronnemcnt
1663 2663 1680 2692 a
1701 2660 1867 2710 Bourgcs'

455 2728 539 2762 mais
556 2727 635 2759 hicn
657 2723 716 2755 ‹lcs
734 2722 920 2754 ‹lit'fivultcs
940 2721 997 2765 qni
1024 2722 1225 2754 s'eleverent
1246 2732 1288 2752 au
1306 2720 1392 2763 sujet
1411 2718 1453 2751 dc
1470 2718 1638 2751 l‘‹'›lcc1i‹›n
1659 2717 1700 2751 dc
1720 2719 1870 2752 l’arclie-

456 2789 565 2832 vequc
584 2785 627 2818 dc
649 2792 736 2817 cette
762 2782 840 2815 ville
859 2794 900 2814 cn
922 2781 1026 2813 1140.
