2081 3408
487 251 561 287 208
1048 251 1292 286 APPENDIX
1303 279 1310 287 .

487 339 533 375 ad
565 340 673 374 [inem
705 350 991 388 permansurum
1023 339 1128 375 etsie
1150 339 1195 375 de
1222 338 1356 375 ceteris
1376 346 1545 375 teneatur
1575 337 1611 374 in
1633 345 1872 388 perpetuum.

487 400 708 447 Quicunque
740 407 861 434 autem
892 398 995 447 prior
1015 399 1181 444 ejusdem
1207 400 1274 435 loci
1304 400 1416 436 suerit
1444 399 1575 436 reddet
1594 399 1749 448 singulis
1770 398 1875 434 annis

485 461 521 497 in
561 462 652 496 sesto
687 460 802 495 sancti
834 459 976 495 Ebruifi
1011 474 1123 497 unam
1155 461 1393 497 solumunodo
1421 474 1583 498 marcam
1613 460 1738 497 abbati
1760 460 1875 497 sancti

485 522 639 560 Ebrulfi.
661 525 734 558 Nos
754 535 844 558 vero
865 521 1038 558 ecclesias
1058 531 1094 558 et
1113 522 1275 559 decimas
1297 536 1388 572 quas
1408 536 1452 560 eo
1474 532 1623 573 petente
1645 522 1774 559 usibus
1796 535 1877 558 mo-

484 584 691 619 nachorum
717 583 767 618 ibi
788 586 868 619 Deo
891 584 1141 620 servient-ium
1163 584 1426 631 concessimus,
1449 585 1499 621 ita
1522 585 1573 622 eis
1595 584 1816 621 tradidimus
1838 591 1877 619 ut

484 645 775 681 consuetudines
796 654 831 681 et
848 646 934 692 jura
954 645 1202 682 ecclesiastica
1227 646 1334 682 nobis
1355 655 1390 683 et
1423 646 1702 683 successoribus
1740 645 1877 682 nostris

484 707 761 743 retinuerimus.
804 707 985 744 'Nolumus
1018 708 1117 744 enim
1148 721 1211 745 eos
1241 721 1322 744 csse
1349 709 1394 744 de
1428 708 1501 745 illis
1526 722 1620 757 quos
1653 711 1724 755 (i)
1766 708 1875 745 valde

483 770 655 806 dolemus
675 770 738 819 qui
759 769 956 820 episcopos
978 769 1024 806 ab
1045 770 1210 807 ecclesiis
1231 771 1306 807 suis
1324 771 1519 808 eliminare
1539 772 1709 806 nituntur
1734 780 1769 806 et
1788 771 1875 817 jura

483 830 709 880 episcopalia
745 830 850 867 reddi
876 831 1060 881 episcopis
1090 841 1326 868 execrantur.
1362 834 1605 881 Quecumque
1636 844 1656 866 a
1686 831 1875 868 Willelmo

483 892 528 928 de
548 894 753 929 Roumaria
782 907 847 929 seu
873 893 954 930 aliis
974 893 1144 930 fidelibus
1170 895 1286 943 priori
1311 903 1344 931 et
1367 893 1559 930 monachis
1577 893 1622 929 de
1646 895 1753 928 Novo
1773 896 1876 930 Mer-

482 962 563 990 cato
584 954 621 990 in
645 955 887 991 elemosinam
917 955 1054 992 donata
1076 956 1134 992 vel
1160 955 1335 992 donanda
1362 964 1467 999 sunt,
1489 968 1557 991 nos
1577 967 1728 1004 quoque
1758 953 1877 990 dona-

481 1029 566 1052 mus
586 1025 619 1054 et
641 1019 921 1055 confirmamus.
940 1018 1115 1067 Quisquis
1137 1031 1179 1054 ea
1197 1017 1479 1054 conservaverit
1501 1016 1556 1053 vel
1578 1015 1879 1067 augmentaverit

482 1090 546 1113 seu
577 1078 770 1114 monachis
794 1079 946 1127 prefatis
966 1079 1218 1124 benefecerit,
1244 1078 1425 1115 retribuat
1455 1078 1507 1114 eis
1539 1078 1776 1127 omnipotens
1804 1077 1875 1112 mi-

482 1140 685 1177 sericordia
705 1140 855 1187 Cliristi3
879 1141 941 1190 qui
961 1154 1050 1177 vero
1071 1141 1123 1177 eis
1144 1141 1373 1178 malefecerit
1393 1140 1451 1177 vel
1472 1153 1603 1176 eorum
1623 1139 1723 1176 bona
1742 1139 1877 1186 injuste

483 1201 659 1238 minuerit
682 1203 740 1239 vel
770 1202 986 1252 diripuerit,
1011 1203 1150 1239 virtute
1175 1202 1243 1239 Dei
1276 1202 1542 1252 omnipotentis
1570 1201 1813 1238 contrahatur
1842 1209 1878 1238 et

481 1265 766 1312 anathemathe,
807 1265 877 1302 nisi
917 1265 1141 1315 resipuerit,
1179 1274 1360 1315 perpetuo
1403 1265 1694 1316 constringatur.
1737 1268 1873 1301 Amen.

482 1330 615 1363 Actum
638 1327 709 1363 hoc
735 1341 834 1364 anno
854 1328 969 1363 Verbi
989 1327 1172 1364 incarnati
1199 1335 1241 1363 Mo
1256 1336 1291 1363 (1⁰
1305 1335 1395 1364 xxx⁰
1415 1333 1474 1364 11⁰.

538 1390 702 1425 Chat-tul.
733 1392 771 1426 S.
795 1388 952 1437 Eltralfi,
975 1397 997 1427 t.
1022 1392 1074 1436 ΙΙ,
1092 1402 1131 1426 n.
1166 1390 1280 1426 1071.

531 1564 576 1611 (1)
601 1566 770 1600 Peut-etre
788 1579 878 1611 pour
893 1566 989 1614 quod.
