<?xml version="1.0" encoding="UTF-8"?>
<!DOCTYPE html PUBLIC "-//W3C//DTD XHTML 1.0 Transitional//EN"
    "http://www.w3.org/TR/xhtml1/DTD/xhtml1-transitional.dtd">
<html xmlns="http://www.w3.org/1999/xhtml" xml:lang="en" lang="en">
 <head>
  <title>
</title>
<meta http-equiv="Content-Type" content="text/html;charset=utf-8" />
  <meta name='ocr-system' content='tesseract 3.04.00' />
  <meta name='ocr-capabilities' content='ocr_page ocr_carea ocr_par ocr_line ocrx_word'/>
</head>
<body>
  <div class='ocr_page' id='page_1' title='image "./ordericivitalish05ordeuoft/ordericivitalish05ordeuoft_0237.png"; bbox 0 0 2081 3408; ppageno 0'>
   <div class='ocr_carea' id='block_1_1' title="bbox 196 259 1594 312">
    <p class='ocr_par' dir='ltr' id='par_1_1' title="bbox 196 259 1594 312">
     <span class='ocr_line' id='line_1_1' title="bbox 196 259 1594 312; baseline 0.001 -14"><span class='ocrx_word' id='word_1_1' title='bbox 196 261 327 312; x_wconf 78' lang='lat'>[1138]</span> <span class='ocrx_word' id='word_1_2' title='bbox 578 261 721 296; x_wconf 85' lang='lat' dir='ltr'><strong>LIBER</strong></span> <span class='ocrx_word' id='word_1_3' title='bbox 748 259 951 296; x_wconf 75' lang='lat' dir='ltr'>TERTIUS</span> <span class='ocrx_word' id='word_1_4' title='bbox 979 260 1208 301; x_wconf 66' lang='lat' dir='ltr'>DECIMUS.</span> <span class='ocrx_word' id='word_1_5' title='bbox 1521 264 1594 300; x_wconf 81' lang='lat'>117</span> 
     </span>
    </p>
   </div>
   <div class='ocr_carea' id='block_1_2' title="bbox 180 347 1600 2562">
    <p class='ocr_par' dir='ltr' id='par_1_2' title="bbox 180 347 1600 2314">
     <span class='ocr_line' id='line_1_2' title="bbox 194 347 1597 413; baseline 0.001 -18"><span class='ocrx_word' id='word_1_6' title='bbox 194 358 335 396; x_wconf 86' lang='lat' dir='ltr'>tatem</span> <span class='ocrx_word' id='word_1_7' title='bbox 360 348 567 393; x_wconf 86' lang='lat' dir='ltr'>hostium</span> <span class='ocrx_word' id='word_1_8' title='bbox 590 347 755 394; x_wconf 87' lang='lat' dir='ltr'>callide</span> <span class='ocrx_word' id='word_1_9' title='bbox 780 350 1001 412; x_wconf 56' lang='lat' dir='ltr'>praevenit</span> <span class='ocrx_word' id='word_1_10' title='bbox 1019 387 1029 407; x_wconf 87' lang='lat'>,</span> <span class='ocrx_word' id='word_1_11' title='bbox 1062 360 1105 395; x_wconf 88' lang='lat' dir='ltr'>et</span> <span class='ocrx_word' id='word_1_12' title='bbox 1141 349 1406 413; x_wconf 83' lang='lat' dir='ltr'>oppidanos</span> <span class='ocrx_word' id='word_1_13' title='bbox 1436 367 1597 398; x_wconf 88' lang='lat' dir='ltr'>secum</span> 
     </span>
     <span class='ocr_line' id='line_1_3' title="bbox 193 426 1597 490; baseline 0.003 -18"><span class='ocrx_word' id='word_1_14' title='bbox 193 436 464 490; x_wconf 84' lang='lat' dir='ltr'>aggregatos</span> <span class='ocrx_word' id='word_1_15' title='bbox 497 426 683 471; x_wconf 85' lang='lat' dir='ltr'>hortatu</span> <span class='ocrx_word' id='word_1_16' title='bbox 719 428 981 472; x_wconf 84' lang='lat' dir='ltr'>necessario</span> <span class='ocrx_word' id='word_1_17' title='bbox 1017 427 1076 472; x_wconf 84' lang='lat' dir='ltr'>ad</span> <span class='ocrx_word' id='word_1_18' title='bbox 1105 444 1301 488; x_wconf 79' lang='lat' dir='ltr'>magnos</span> <span class='ocrx_word' id='word_1_19' title='bbox 1327 445 1466 475; x_wconf 84' lang='lat' dir='ltr'>ausus</span> <span class='ocrx_word' id='word_1_20' title='bbox 1496 431 1597 476; x_wconf 91' lang='lat' dir='ltr'>ani-</span> 
     </span>
     <span class='ocr_line' id='line_1_4' title="bbox 193 501 1597 566; baseline 0.001 -17"><span class='ocrx_word' id='word_1_21' title='bbox 193 504 354 559; x_wconf 80' lang='lat' dir='ltr'>mavit,</span> <span class='ocrx_word' id='word_1_22' title='bbox 373 519 639 566; x_wconf 81' lang='lat' dir='ltr'>puerosque</span> <span class='ocrx_word' id='word_1_23' title='bbox 661 501 966 566; x_wconf 76' lang='lat' dir='ltr'>despicabiles</span> <span class='ocrx_word' id='word_1_24' title='bbox 981 513 1023 548; x_wconf 90' lang='lat' dir='ltr'>et</span> <span class='ocrx_word' id='word_1_25' title='bbox 1048 505 1597 552; x_wconf 81' lang='lat' dir='ltr'>meretriculas&#39;solebam</span> 
     </span>
     <span class='ocr_line' id='line_1_5' title="bbox 190 579 1600 643; baseline 0.002 -17"><span class='ocrx_word' id='word_1_26' title='bbox 190 581 379 639; x_wconf 77' lang='lat' dir='ltr'>direxit,</span> <span class='ocrx_word' id='word_1_27' title='bbox 422 589 463 625; x_wconf 91' lang='lat' dir='ltr'>et</span> <span class='ocrx_word' id='word_1_28' title='bbox 498 579 612 642; x_wconf 79' lang='lat' dir='ltr'>quid</span> <span class='ocrx_word' id='word_1_29' title='bbox 649 590 840 641; x_wconf 89' lang='lat' dir='ltr'>agerent</span> <span class='ocrx_word' id='word_1_30' title='bbox 871 582 1100 643; x_wconf 79' lang='lat' dir='ltr'>exquisito</span> <span class='ocrx_word' id='word_1_31' title='bbox 1133 583 1359 628; x_wconf 88' lang='lat' dir='ltr'>meditatu</span> <span class='ocrx_word' id='word_1_32' title='bbox 1389 583 1600 630; x_wconf 80' lang='lat' dir='ltr'>sollerter</span> 
     </span>
     <span class='ocr_line' id='line_1_6' title="bbox 189 657 1598 723; baseline 0.004 -21"><span class='ocrx_word' id='word_1_33' title='bbox 189 658 420 703; x_wconf 76' lang='lat' dir='ltr'>instruxit.</span> <span class='ocrx_word' id='word_1_34' title='bbox 466 657 534 702; x_wconf 91' lang='lat' dir='ltr'>Illi</span> <span class='ocrx_word' id='word_1_35' title='bbox 571 667 750 716; x_wconf 90' lang='lat' dir='ltr'>autem,</span> <span class='ocrx_word' id='word_1_36' title='bbox 781 667 828 702; x_wconf 92' lang='lat' dir='ltr'>ut</span> <span class='ocrx_word' id='word_1_37' title='bbox 851 658 1005 703; x_wconf 84' lang='lat' dir='ltr'>edocti</span> <span class='ocrx_word' id='word_1_38' title='bbox 1033 659 1245 717; x_wconf 82' lang='lat' dir='ltr'>fuerant,</span> <span class='ocrx_word' id='word_1_39' title='bbox 1274 677 1358 723; x_wconf 88' lang='lat' dir='ltr'>per</span> <span class='ocrx_word' id='word_1_40' title='bbox 1394 660 1598 723; x_wconf 84' lang='lat' dir='ltr'>burgum</span> 
     </span>
     <span class='ocr_line' id='line_1_7' title="bbox 189 733 1599 800; baseline 0.004 -22"><span class='ocrx_word' id='word_1_41' title='bbox 189 733 388 779; x_wconf 81' lang='lat' dir='ltr'>latenter</span> <span class='ocrx_word' id='word_1_42' title='bbox 422 733 617 797; x_wconf 84' lang='lat' dir='ltr'>dispersi</span> <span class='ocrx_word' id='word_1_43' title='bbox 653 744 784 789; x_wconf 89' lang='lat' dir='ltr'>sunt,</span> <span class='ocrx_word' id='word_1_44' title='bbox 824 744 866 779; x_wconf 91' lang='lat' dir='ltr'>et</span> <span class='ocrx_word' id='word_1_45' title='bbox 900 735 1055 795; x_wconf 87' lang='lat' dir='ltr'>ignem</span> <span class='ocrx_word' id='word_1_46' title='bbox 1091 752 1174 798; x_wconf 84' lang='lat' dir='ltr'>per</span> <span class='ocrx_word' id='word_1_47' title='bbox 1206 746 1409 799; x_wconf 87' lang='lat' dir='ltr'>quatuor</span> <span class='ocrx_word' id='word_1_48' title='bbox 1446 747 1599 800; x_wconf 81' lang='lat' dir='ltr'>partes</span> 
     </span>
     <span class='ocr_line' id='line_1_8' title="bbox 190 809 1599 875; baseline 0.004 -21"><span class='ocrx_word' id='word_1_49' title='bbox 190 809 306 855; x_wconf 57' lang='lat' dir='ltr'>villa?</span> <span class='ocrx_word' id='word_1_50' title='bbox 332 810 377 855; x_wconf 90' lang='lat' dir='ltr'>in</span> <span class='ocrx_word' id='word_1_51' title='bbox 401 827 487 854; x_wconf 80' lang='lat' dir='ltr'>va</span> <span class='ocrx_word' id='word_1_52' title='bbox 515 810 629 855; x_wconf 87' lang='lat' dir='ltr'>locis</span> <span class='ocrx_word' id='word_1_53' title='bbox 655 810 877 856; x_wconf 76' lang='lat' dir='ltr'>audacter</span> <span class='ocrx_word' id='word_1_54' title='bbox 904 811 1215 858; x_wconf 84' lang='lat' dir='ltr'>immiserunt.</span> <span class='ocrx_word' id='word_1_55' title='bbox 1245 813 1599 875; x_wconf 83' lang='lat' dir='ltr'>Andegavenses</span> 
     </span>
     <span class='ocr_line' id='line_1_9' title="bbox 189 888 1597 953; baseline 0.002 -20"><span class='ocrx_word' id='word_1_56' title='bbox 189 889 361 950; x_wconf 85' lang='lat' dir='ltr'>itaque,</span> <span class='ocrx_word' id='word_1_57' title='bbox 389 889 470 950; x_wconf 79' lang='lat' dir='ltr'>qui</span> <span class='ocrx_word' id='word_1_58' title='bbox 496 888 652 934; x_wconf 76' lang='lat' dir='ltr'>villam</span> <span class='ocrx_word' id='word_1_59' title='bbox 685 889 781 949; x_wconf 89' lang='lat' dir='ltr'>jam</span> <span class='ocrx_word' id='word_1_60' title='bbox 807 889 1072 934; x_wconf 82' lang='lat' dir='ltr'>invaserant</span> <span class='ocrx_word' id='word_1_61' title='bbox 1106 899 1150 933; x_wconf 92' lang='lat' dir='ltr'>et</span> <span class='ocrx_word' id='word_1_62' title='bbox 1179 906 1288 934; x_wconf 89' lang='lat' dir='ltr'>suos</span> <span class='ocrx_word' id='word_1_63' title='bbox 1319 889 1527 953; x_wconf 79' lang='lat' dir='ltr'>hospites</span> <span class='ocrx_word' id='word_1_64' title='bbox 1550 891 1597 936; x_wconf 90' lang='lat' dir='ltr'>in</span> 
     </span>
     <span class='ocr_line' id='line_1_10' title="bbox 187 963 1598 1029; baseline 0.003 -20"><span class='ocrx_word' id='word_1_65' title='bbox 187 966 389 1028; x_wconf 86' lang='lat' dir='ltr'>propriis</span> <span class='ocrx_word' id='word_1_66' title='bbox 406 965 577 1009; x_wconf 88' lang='lat' dir='ltr'>laribus</span> <span class='ocrx_word' id='word_1_67' title='bbox 601 974 645 1009; x_wconf 89' lang='lat' dir='ltr'>et</span> <span class='ocrx_word' id='word_1_68' title='bbox 669 963 902 1009; x_wconf 80' lang='lat' dir='ltr'>cathedris</span> <span class='ocrx_word' id='word_1_69' title='bbox 917 965 1130 1010; x_wconf 77' lang='lat' dir='ltr'>sedentes</span> <span class='ocrx_word' id='word_1_70' title='bbox 1149 967 1246 1026; x_wconf 89' lang='lat' dir='ltr'>jam</span> <span class='ocrx_word' id='word_1_71' title='bbox 1267 978 1504 1029; x_wconf 77' lang='lat' dir='ltr'>ceperant,</span> <span class='ocrx_word' id='word_1_72' title='bbox 1528 969 1598 1013; x_wconf 92' lang='lat' dir='ltr'>in-</span> 
     </span>
     <span class='ocr_line' id='line_1_11' title="bbox 189 1041 1597 1105; baseline 0.001 -18"><span class='ocrx_word' id='word_1_73' title='bbox 189 1043 314 1104; x_wconf 82' lang='lat' dir='ltr'>genti</span> <span class='ocrx_word' id='word_1_74' title='bbox 367 1043 559 1104; x_wconf 87' lang='lat' dir='ltr'>strepitu</span> <span class='ocrx_word' id='word_1_75' title='bbox 602 1041 900 1086; x_wconf 82' lang='lat' dir='ltr'>flammarum</span> <span class='ocrx_word' id='word_1_76' title='bbox 949 1051 994 1086; x_wconf 89' lang='lat' dir='ltr'>et</span> <span class='ocrx_word' id='word_1_77' title='bbox 1028 1042 1363 1087; x_wconf 56' lang='lat' dir='ltr'>x&#39;ociferatione</span> <span class='ocrx_word' id='word_1_78' title='bbox 1406 1044 1597 1105; x_wconf 78' lang='lat' dir='ltr'>vigilum</span> 
     </span>
     <span class='ocr_line' id='line_1_12' title="bbox 187 1119 1597 1182; baseline 0.001 -17"><span class='ocrx_word' id='word_1_79' title='bbox 187 1121 338 1173; x_wconf 77' lang='lat' dir='ltr'>exciti,</span> <span class='ocrx_word' id='word_1_80' title='bbox 365 1119 626 1164; x_wconf 82' lang='lat' dir='ltr'>admodum</span> <span class='ocrx_word' id='word_1_81' title='bbox 652 1119 797 1163; x_wconf 86' lang='lat' dir='ltr'>territi</span> <span class='ocrx_word' id='word_1_82' title='bbox 830 1129 963 1175; x_wconf 88' lang='lat' dir='ltr'>sunt,</span> <span class='ocrx_word' id='word_1_83' title='bbox 997 1129 1041 1164; x_wconf 91' lang='lat' dir='ltr'>et</span> <span class='ocrx_word' id='word_1_84' title='bbox 1080 1135 1208 1165; x_wconf 83' lang='lat' dir='ltr'>arma</span> <span class='ocrx_word' id='word_1_85' title='bbox 1236 1129 1279 1165; x_wconf 88' lang='lat' dir='ltr'>et</span> <span class='ocrx_word' id='word_1_86' title='bbox 1309 1136 1456 1182; x_wconf 85' lang='lat' dir='ltr'>equos</span> <span class='ocrx_word' id='word_1_87' title='bbox 1489 1138 1597 1167; x_wconf 85' lang='lat' dir='ltr'>cum</span> 
     </span>
     <span class='ocr_line' id='line_1_13' title="bbox 187 1195 1594 1258; baseline 0.001 -17"><span class='ocrx_word' id='word_1_88' title='bbox 187 1196 345 1241; x_wconf 89' lang='lat' dir='ltr'>multis</span> <span class='ocrx_word' id='word_1_89' title='bbox 364 1196 461 1241; x_wconf 80' lang='lat' dir='ltr'>aliis</span> <span class='ocrx_word' id='word_1_90' title='bbox 486 1195 625 1241; x_wconf 86' lang='lat' dir='ltr'>rebus</span> <span class='ocrx_word' id='word_1_91' title='bbox 651 1196 922 1240; x_wconf 88' lang='lat' dir='ltr'>necessariis</span> <span class='ocrx_word' id='word_1_92' title='bbox 948 1195 1264 1258; x_wconf 82' lang='lat' dir='ltr'>relinquentes</span> <span class='ocrx_word' id='word_1_93' title='bbox 1295 1197 1594 1258; x_wconf 78' lang='lat' dir='ltr'>aufugerunt.</span> 
     </span>
     <span class='ocr_line' id='line_1_14' title="bbox 188 1270 1598 1318; baseline 0.001 -2"><span class='ocrx_word' id='word_1_94' title='bbox 188 1272 405 1317; x_wconf 66' lang='lat' dir='ltr'>Przefatus</span> <span class='ocrx_word' id='word_1_95' title='bbox 437 1289 549 1317; x_wconf 66' lang='lat' dir='ltr'>vero</span> <span class='ocrx_word' id='word_1_96' title='bbox 586 1270 863 1316; x_wconf 85' lang='lat' dir='ltr'>Guillelmus</span> <span class='ocrx_word' id='word_1_97' title='bbox 903 1288 1012 1317; x_wconf 92' lang='lat' dir='ltr'>cum</span> <span class='ocrx_word' id='word_1_98' title='bbox 1047 1273 1140 1317; x_wconf 86' lang='lat' dir='ltr'>suis</span> <span class='ocrx_word' id='word_1_99' title='bbox 1179 1283 1386 1318; x_wconf 88' lang='lat' dir='ltr'>armatus</span> <span class='ocrx_word' id='word_1_100' title='bbox 1410 1272 1598 1318; x_wconf 66' lang='lat' dir='ltr'>obviam</span> 
     </span>
     <span class='ocr_line' id='line_1_15' title="bbox 185 1346 1599 1407; baseline 0.002 -15"><span class='ocrx_word' id='word_1_101' title='bbox 185 1346 399 1393; x_wconf 84' lang='lat' dir='ltr'>hostibus</span> <span class='ocrx_word' id='word_1_102' title='bbox 420 1348 560 1406; x_wconf 83' lang='lat' dir='ltr'>veuit,</span> <span class='ocrx_word' id='word_1_103' title='bbox 581 1347 663 1392; x_wconf 88' lang='lat' dir='ltr'>sed</span> <span class='ocrx_word' id='word_1_104' title='bbox 678 1347 884 1392; x_wconf 86' lang='lat' dir='ltr'>densitas</span> <span class='ocrx_word' id='word_1_105' title='bbox 901 1348 1016 1393; x_wconf 88' lang='lat' dir='ltr'>fumi</span> <span class='ocrx_word' id='word_1_106' title='bbox 1035 1365 1218 1407; x_wconf 82' lang='lat' dir='ltr'>omnes,</span> <span class='ocrx_word' id='word_1_107' title='bbox 1243 1367 1302 1395; x_wconf 93' lang='lat' dir='ltr'>ne</span> <span class='ocrx_word' id='word_1_108' title='bbox 1326 1366 1372 1395; x_wconf 92' lang='lat' dir='ltr'>se</span> <span class='ocrx_word' id='word_1_109' title='bbox 1396 1349 1599 1395; x_wconf 83' lang='lat' dir='ltr'>invicem</span> 
     </span>
     <span class='ocr_line' id='line_1_16' title="bbox 185 1424 1596 1486; baseline 0.002 -17"><span class='ocrx_word' id='word_1_110' title='bbox 185 1424 397 1470; x_wconf 70' lang='lat' dir='ltr'>viderent</span> <span class='ocrx_word' id='word_1_111' title='bbox 442 1425 514 1470; x_wconf 78' lang='lat' dir='ltr'>vel</span> <span class='ocrx_word' id='word_1_112' title='bbox 565 1434 933 1486; x_wconf 74' lang='lat' dir='ltr'>cognoscerent,</span> <span class='ocrx_word' id='word_1_113' title='bbox 986 1424 1333 1472; x_wconf 78' lang='lat' dir='ltr'>obtenebravit.</span> <span class='ocrx_word' id='word_1_114' title='bbox 1386 1426 1596 1473; x_wconf 86' lang='lat' dir='ltr'>Tandem</span> 
     </span>
     <span class='ocr_line' id='line_1_17' title="bbox 185 1501 1595 1568; baseline 0.003 -22"><span class='ocrx_word' id='word_1_115' title='bbox 185 1501 398 1547; x_wconf 86' lang='lat' dir='ltr'>turbidus</span> <span class='ocrx_word' id='word_1_116' title='bbox 418 1518 576 1547; x_wconf 84' lang='lat' dir='ltr'>comes</span> <span class='ocrx_word' id='word_1_117' title='bbox 602 1502 646 1546; x_wconf 89' lang='lat' dir='ltr'>in</span> <span class='ocrx_word' id='word_1_118' title='bbox 681 1502 911 1548; x_wconf 87' lang='lat' dir='ltr'>cimiterio</span> <span class='ocrx_word' id='word_1_119' title='bbox 935 1503 1145 1565; x_wconf 85' lang='lat' dir='ltr'>quodam</span> <span class='ocrx_word' id='word_1_120' title='bbox 1170 1505 1405 1564; x_wconf 85' lang='lat' dir='ltr'>constitit,</span> <span class='ocrx_word' id='word_1_121' title='bbox 1434 1505 1595 1568; x_wconf 83' lang='lat' dir='ltr'>ibique</span> 
     </span>
     <span class='ocr_line' id='line_1_18' title="bbox 183 1578 1597 1644; baseline 0.003 -21"><span class='ocrx_word' id='word_1_122' title='bbox 183 1595 292 1624; x_wconf 88' lang='lat' dir='ltr'>suos</span> <span class='ocrx_word' id='word_1_123' title='bbox 328 1578 727 1641; x_wconf 74' lang='lat' dir='ltr'>conglomeravit,</span> <span class='ocrx_word' id='word_1_124' title='bbox 767 1589 812 1624; x_wconf 89' lang='lat' dir='ltr'>et</span> <span class='ocrx_word' id='word_1_125' title='bbox 860 1579 1083 1625; x_wconf 76' lang='lat' dir='ltr'>confusus</span> <span class='ocrx_word' id='word_1_126' title='bbox 1125 1580 1434 1644; x_wconf 83' lang='lat' dir='ltr'>trepidusque</span> <span class='ocrx_word' id='word_1_127' title='bbox 1470 1582 1597 1628; x_wconf 89' lang='lat' dir='ltr'>diem</span> 
     </span>
     <span class='ocr_line' id='line_1_19' title="bbox 184 1657 1597 1720; baseline 0.001 -17"><span class='ocrx_word' id='word_1_128' title='bbox 184 1657 458 1720; x_wconf 79' lang='lat' dir='ltr'>expectavit.</span> <span class='ocrx_word' id='word_1_129' title='bbox 490 1659 624 1702; x_wconf 85' lang='lat' dir='ltr'>Mane</span> <span class='ocrx_word' id='word_1_130' title='bbox 649 1666 806 1703; x_wconf 88' lang='lat' dir='ltr'>autem</span> <span class='ocrx_word' id='word_1_131' title='bbox 831 1657 982 1716; x_wconf 77' lang='lat' dir='ltr'>facto,</span> <span class='ocrx_word' id='word_1_132' title='bbox 1008 1659 1290 1720; x_wconf 83' lang='lat' dir='ltr'>quantocius</span> <span class='ocrx_word' id='word_1_133' title='bbox 1316 1659 1522 1720; x_wconf 81' lang='lat' dir='ltr'>aufugit,</span> <span class='ocrx_word' id='word_1_134' title='bbox 1551 1669 1597 1705; x_wconf 90' lang='lat' dir='ltr'>et</span> 
     </span>
     <span class='ocr_line' id='line_1_20' title="bbox 184 1733 1592 1797; baseline 0.001 -20"><span class='ocrx_word' id='word_1_135' title='bbox 184 1735 567 1778; x_wconf 67' lang='lat' dir='ltr'>Normannorum</span> <span class='ocrx_word' id='word_1_136' title='bbox 609 1733 897 1795; x_wconf 83' lang='lat' dir='ltr'>proterviam</span> <span class='ocrx_word' id='word_1_137' title='bbox 944 1733 1289 1796; x_wconf 83' lang='lat' dir='ltr'>aliquantulum</span> <span class='ocrx_word' id='word_1_138' title='bbox 1345 1744 1592 1797; x_wconf 71' lang='lat' dir='ltr'>expertus,</span> 
     </span>
     <span class='ocr_line' id='line_1_21' title="bbox 183 1810 1596 1872; baseline 0.001 -18"><span class='ocrx_word' id='word_1_139' title='bbox 183 1826 278 1855; x_wconf 89' lang='lat' dir='ltr'>non</span> <span class='ocrx_word' id='word_1_140' title='bbox 307 1811 405 1856; x_wconf 87' lang='lat' dir='ltr'>sine</span> <span class='ocrx_word' id='word_1_141' title='bbox 426 1810 658 1856; x_wconf 87' lang='lat' dir='ltr'>dedecore</span> <span class='ocrx_word' id='word_1_142' title='bbox 683 1814 1021 1872; x_wconf 72' lang='lat' dir='ltr'>Argentomum</span> <span class='ocrx_word' id='word_1_143' title='bbox 1038 1811 1107 1872; x_wconf 70' lang='lat' dir='ltr'>(l)</span> <span class='ocrx_word' id='word_1_144' title='bbox 1129 1812 1272 1856; x_wconf 78' lang='lat' dir='ltr'>venit.</span> <span class='ocrx_word' id='word_1_145' title='bbox 1306 1811 1440 1857; x_wconf 87' lang='lat' dir='ltr'>Plebs</span> <span class='ocrx_word' id='word_1_146' title='bbox 1465 1812 1596 1857; x_wconf 73' lang='lat' dir='ltr'>inva-</span> 
     </span>
     <span class='ocr_line' id='line_1_22' title="bbox 181 1886 1593 1950; baseline 0.002 -19"><span class='ocrx_word' id='word_1_147' title='bbox 181 1886 276 1932; x_wconf 91' lang='lat' dir='ltr'>lida</span> <span class='ocrx_word' id='word_1_148' title='bbox 300 1887 598 1932; x_wconf 79' lang='lat' dir='ltr'>Normanniae</span> <span class='ocrx_word' id='word_1_149' title='bbox 625 1897 788 1932; x_wconf 88' lang='lat' dir='ltr'>moesta</span> <span class='ocrx_word' id='word_1_150' title='bbox 815 1887 1107 1950; x_wconf 84' lang='lat' dir='ltr'>trepidabat,</span> <span class='ocrx_word' id='word_1_151' title='bbox 1141 1897 1185 1932; x_wconf 89' lang='lat' dir='ltr'>et</span> <span class='ocrx_word' id='word_1_152' title='bbox 1215 1897 1398 1933; x_wconf 86' lang='lat' dir='ltr'>rectore</span> <span class='ocrx_word' id='word_1_153' title='bbox 1428 1905 1593 1934; x_wconf 88' lang='lat' dir='ltr'>carens</span> 
     </span>
     <span class='ocr_line' id='line_1_23' title="bbox 184 1962 1594 2026; baseline 0.001 -20"><span class='ocrx_word' id='word_1_154' title='bbox 184 1962 402 2007; x_wconf 70' lang='lat' dir='ltr'>Altissimi</span> <span class='ocrx_word' id='word_1_155' title='bbox 430 1962 655 2007; x_wconf 79' lang='lat' dir='ltr'>auxilium</span> <span class='ocrx_word' id='word_1_156' title='bbox 686 1963 954 2008; x_wconf 78' lang='lat' dir='ltr'>invocabat.</span> <span class='ocrx_word' id='word_1_157' title='bbox 985 1964 1247 2026; x_wconf 87' lang='lat' dir='ltr'>Optimates</span> <span class='ocrx_word' id='word_1_158' title='bbox 1273 1963 1437 2026; x_wconf 87' lang='lat' dir='ltr'>populi</span> <span class='ocrx_word' id='word_1_159' title='bbox 1474 1964 1594 2010; x_wconf 86' lang='lat' dir='ltr'>dolis</span> 
     </span>
     <span class='ocr_line' id='line_1_24' title="bbox 182 2039 1594 2101; baseline 0.002 -18"><span class='ocrx_word' id='word_1_160' title='bbox 182 2048 227 2083; x_wconf 79' lang='lat' dir='ltr'>et</span> <span class='ocrx_word' id='word_1_161' title='bbox 250 2039 464 2101; x_wconf 86' lang='lat' dir='ltr'>malignis</span> <span class='ocrx_word' id='word_1_162' title='bbox 489 2039 803 2084; x_wconf 83' lang='lat' dir='ltr'>simultatibus</span> <span class='ocrx_word' id='word_1_163' title='bbox 840 2039 1144 2096; x_wconf 85' lang='lat' dir='ltr'>insistebant,</span> <span class='ocrx_word' id='word_1_164' title='bbox 1186 2050 1230 2085; x_wconf 92' lang='lat' dir='ltr'>et</span> <span class='ocrx_word' id='word_1_165' title='bbox 1271 2040 1594 2086; x_wconf 78' lang='lat' dir='ltr'>fraudulenter</span> 
     </span>
     <span class='ocr_line' id='line_1_25' title="bbox 181 2114 1593 2179; baseline 0.002 -19"><span class='ocrx_word' id='word_1_166' title='bbox 181 2132 326 2178; x_wconf 91' lang='lat' dir='ltr'>quam</span> <span class='ocrx_word' id='word_1_167' title='bbox 353 2116 510 2179; x_wconf 87' lang='lat' dir='ltr'>plures</span> <span class='ocrx_word' id='word_1_168' title='bbox 542 2116 759 2161; x_wconf 86' lang='lat' dir='ltr'>hostibus</span> <span class='ocrx_word' id='word_1_169' title='bbox 786 2114 1028 2174; x_wconf 78' lang='lat' dir='ltr'>favebant,</span> <span class='ocrx_word' id='word_1_170' title='bbox 1056 2133 1210 2179; x_wconf 87' lang='lat' dir='ltr'>neque</span> <span class='ocrx_word' id='word_1_171' title='bbox 1239 2133 1347 2175; x_wconf 82' lang='lat' dir='ltr'>suos</span> <span class='ocrx_word' id='word_1_172' title='bbox 1369 2115 1593 2163; x_wconf 76' lang='lat' dir='ltr'>desende-</span> 
     </span>
     <span class='ocr_line' id='line_1_26' title="bbox 180 2191 1593 2257; baseline 0.003 -21"><span class='ocrx_word' id='word_1_173' title='bbox 180 2191 313 2250; x_wconf 87' lang='lat' dir='ltr'>bant,</span> <span class='ocrx_word' id='word_1_174' title='bbox 349 2191 430 2238; x_wconf 90' lang='lat' dir='ltr'>sed</span> <span class='ocrx_word' id='word_1_175' title='bbox 470 2191 633 2237; x_wconf 87' lang='lat' dir='ltr'>ablatis</span> <span class='ocrx_word' id='word_1_176' title='bbox 665 2191 805 2237; x_wconf 86' lang='lat' dir='ltr'>rebus</span> <span class='ocrx_word' id='word_1_177' title='bbox 835 2192 1192 2255; x_wconf 86' lang='lat' dir='ltr'>opprimebant,</span> <span class='ocrx_word' id='word_1_178' title='bbox 1222 2203 1264 2238; x_wconf 84' lang='lat' dir='ltr'>et</span> <span class='ocrx_word' id='word_1_179' title='bbox 1286 2193 1501 2256; x_wconf 86' lang='lat' dir='ltr'>nequiter</span> <span class='ocrx_word' id='word_1_180' title='bbox 1523 2193 1593 2257; x_wconf 75' lang='lat'>(2)</span> 
     </span>
     <span class='ocr_line' id='line_1_27' title="bbox 182 2267 651 2314; baseline 0.002 -2"><span class='ocrx_word' id='word_1_181' title='bbox 182 2267 268 2313; x_wconf 90' lang='lat' dir='ltr'>illis</span> <span class='ocrx_word' id='word_1_182' title='bbox 294 2267 651 2314; x_wconf 83' lang='lat' dir='ltr'>incumbebant.</span> 
     </span>
    </p>

    <p class='ocr_par' dir='ltr' id='par_1_3' title="bbox 182 2343 1594 2562">
     <span class='ocr_line' id='line_1_28' title="bbox 245 2343 1594 2408; baseline 0.003 -19"><span class='ocrx_word' id='word_1_183' title='bbox 245 2343 427 2390; x_wconf 87' lang='lat' dir='ltr'>Eodem</span> <span class='ocrx_word' id='word_1_184' title='bbox 453 2345 982 2408; x_wconf 85' lang='lat' dir='ltr'>tempore,Tedbaldus,</span> <span class='ocrx_word' id='word_1_185' title='bbox 1000 2347 1239 2392; x_wconf 88' lang='lat' dir='ltr'>Beccensis</span> <span class='ocrx_word' id='word_1_186' title='bbox 1265 2346 1426 2405; x_wconf 87' lang='lat' dir='ltr'>abbas,</span> <span class='ocrx_word' id='word_1_187' title='bbox 1445 2346 1505 2393; x_wconf 89' lang='lat' dir='ltr'>ad</span> <span class='ocrx_word' id='word_1_188' title='bbox 1526 2364 1594 2393; x_wconf 88' lang='lat' dir='ltr'>re-</span> 
     </span>
     <span class='ocr_line' id='line_1_29' title="bbox 182 2421 1593 2488; baseline 0.004 -23"><span class='ocrx_word' id='word_1_189' title='bbox 182 2421 336 2482; x_wconf 85' lang='lat' dir='ltr'>gimen</span> <span class='ocrx_word' id='word_1_190' title='bbox 356 2421 732 2468; x_wconf 87' lang='lat' dir='ltr'>Dorobernensis</span> <span class='ocrx_word' id='word_1_191' title='bbox 758 2424 1032 2487; x_wconf 84' lang='lat' dir='ltr'>metropolis</span> <span class='ocrx_word' id='word_1_192' title='bbox 1058 2425 1101 2470; x_wconf 92' lang='lat' dir='ltr'>in</span> <span class='ocrx_word' id='word_1_193' title='bbox 1133 2425 1293 2487; x_wconf 83' lang='lat' dir='ltr'>Anglia</span> <span class='ocrx_word' id='word_1_194' title='bbox 1326 2435 1593 2488; x_wconf 87' lang='lat' dir='ltr'>assumptus</span> 
     </span>
     <span class='ocr_line' id='line_1_30' title="bbox 182 2499 1592 2562; baseline 0.004 -20"><span class='ocrx_word' id='word_1_195' title='bbox 182 2508 275 2555; x_wconf 89' lang='lat' dir='ltr'>est,</span> <span class='ocrx_word' id='word_1_196' title='bbox 305 2499 443 2560; x_wconf 90' lang='lat' dir='ltr'>eique</span> <span class='ocrx_word' id='word_1_197' title='bbox 483 2499 529 2544; x_wconf 87' lang='lat' dir='ltr'>in</span> <span class='ocrx_word' id='word_1_198' title='bbox 576 2499 683 2544; x_wconf 90' lang='lat' dir='ltr'>loco</span> <span class='ocrx_word' id='word_1_199' title='bbox 721 2500 818 2562; x_wconf 89' lang='lat' dir='ltr'>ejus</span> <span class='ocrx_word' id='word_1_200' title='bbox 856 2500 1094 2559; x_wconf 86' lang='lat' dir='ltr'>Letaldus,</span> <span class='ocrx_word' id='word_1_201' title='bbox 1123 2501 1260 2547; x_wconf 82' lang='lat' dir='ltr'>bonae</span> <span class='ocrx_word' id='word_1_202' title='bbox 1290 2503 1392 2547; x_wconf 70' lang='lat' dir='ltr'>vitae</span> <span class='ocrx_word' id='word_1_203' title='bbox 1427 2518 1592 2547; x_wconf 85' lang='lat' dir='ltr'>mona-</span> 
     </span>
    </p>
   </div>
   <div class='ocr_carea' id='block_1_3' title="bbox 231 2679 1096 2792">
    <p class='ocr_par' dir='ltr' id='par_1_4' title="bbox 231 2679 1096 2792">
     <span class='ocr_line' id='line_1_31' title="bbox 234 2679 492 2726; baseline 0.008 -13"><span class='ocrx_word' id='word_1_204' title='bbox 234 2679 281 2726; x_wconf 80' lang='grc' dir='ltr'>(ί)</span> <span class='ocrx_word' id='word_1_205' title='bbox 304 2681 492 2726; x_wconf 82' lang='lat' dir='ltr'>Argentan.</span> 
     </span>
     <span class='ocr_line' id='line_1_32' title="bbox 231 2739 1096 2792; baseline 0.008 -21"><span class='ocrx_word' id='word_1_206' title='bbox 231 2739 278 2784; x_wconf 72' lang='lat'>(2)</span> <span class='ocrx_word' id='word_1_207' title='bbox 305 2741 478 2786; x_wconf 77' lang='lat' dir='ltr'>Nequiter,</span> <span class='ocrx_word' id='word_1_208' title='bbox 499 2753 647 2787; x_wconf 87' lang='lat' dir='ltr'>manque</span> <span class='ocrx_word' id='word_1_209' title='bbox 663 2742 747 2776; x_wconf 76' lang='lat' dir='ltr'>dans</span> <span class='ocrx_word' id='word_1_210' title='bbox 764 2744 793 2777; x_wconf 86' lang='lat' dir='ltr'>le</span> <span class='ocrx_word' id='word_1_211' title='bbox 811 2756 874 2780; x_wconf 91' lang='lat' dir='ltr'>ms.</span> <span class='ocrx_word' id='word_1_212' title='bbox 894 2742 936 2778; x_wconf 87' lang='lat' dir='ltr'>de</span> <span class='ocrx_word' id='word_1_213' title='bbox 953 2745 1096 2792; x_wconf 77' lang='lat' dir='ltr'>anuy.</span> 
     </span>
    </p>
   </div>
  </div>
 </body>
</html>
