2081 3408
738 267 999 302 APPENDIX.
1489 267 1563 303 189

173 366 272 390 mam
294 353 404 390 totius
434 362 532 403 terre
554 365 621 403 sue
640 366 715 404 que
736 364 790 391 est
816 368 862 391 ex
888 355 1006 391 altera
1039 364 1144 405 parte
1173 368 1281 405 aque,
1317 364 1353 393 et
1380 355 1565 393 decimam

173 416 334 466 pecunie
354 429 420 466 sue
444 424 479 452 et
500 415 669 452 omnium
693 429 821 453 rerum
848 430 1025 463 suarum,
1058 426 1093 454 et
1121 430 1158 454 se
1178 431 1261 454 cum
1289 427 1365 454 tota
1384 418 1440 454 sui
1461 426 1566 468 parte

172 477 324 526 quando
353 477 550 514 defunctus
583 478 708 514 fuerit.
733 481 859 515 Testes
891 480 1094 529 Ernegisus
1115 479 1321 530 presbiter,
1345 483 1566 531 1111ςο1116-

172 540 338 590 positus,
361 540 603 577 Isembardus
630 542 885 589 senescalcus,
920 543 1130 594 Ragnulsus
1159 543 1441 592 carpentariuS,
1464 541 1568 578 Rod-

173 601 302 638 bertus
335 601 382 638 de
419 602 715 648 Vuarlfflnvilla,
756 606 868 653 Hugo
904 603 1100 653 lignarius,
1141 603 1348 641 Hei-bertus
1374 604 1563 641 Asnellus.

173 662 283 709 Quod
303 663 389 700 inde
412 663 543 701 habuit
562 677 701 714 equum
722 665 786 714 qui
809 664 855 701 de
877 678 996 702 uxore
1017 665 1188 716 Hugonis
1209 665 1254 702 de
1277 663 1566 702 Grentemaisnil

173 724 328 762 Adeliza
351 725 432 762 suit.

226 788 402 824 XXVIII.
435 787 632 824 Richerius
650 788 746 825 filius
760 788 959 826 Gisleberti
977 789 1246 840 Pes-de-capra
1262 789 1307 826 (le
1326 789 1461 839 Criptis
1479 802 1569 826 con-

174 848 284 885 cessit
307 859 435 886 5306111
458 849 615 887 Ebrulso
636 850 818 887 decimam
846 864 959 900 quam
988 865 1077 888 suus
1108 862 1214 902 pater
1248 866 1317 902 pro
1344 853 1469 888 anima
1501 864 1568 888 sua

174 914 255 948 Deo
288 912 515 960 donaverat,
557 922 592 950 et
622 927 692 963 pro
712 913 785 949 1106
809 913 941 950 habuit
961 914 1150 951 orationes
1174 923 1209 951 et
1228 914 1451 951 beneficium
1480 914 1565 950 loci.

174 974 300 1010 Testes
329 976 484 1019 Marses,
516 975 764 1024 Haymericus
795 974 892 1012 filius
919 975 1021 1022 ejus,
1051 976 1288 1013 Godefredus
1308 976 1568 1027 sanguinator‚

174 1034 376 1072 Rotbertus
397 1036 579 1074 Blundus.

228 1099 370 1134 XXIX.
403 1098 625 1135 Vuillelmus
646 1097 723 1134 Alis
748 1097 851 1135 dedit
881 1107 1009 1136 sancto
1036 1098 1193 1136 Ebrulfo
1221 1109 1358 1136 terram
1384 1099 1430 1136 ad
1455 1113 1569 1137 unam

177 1157 333 1196 domum
355 1159 565 1197 faciendam
584 1160 622 1196 in
645 1160 827 1197 Marnafai
849 1159 913 1197 ubi
933 1170 1256 1213 congregarentur
1276 1171 1312 1199 et
1327 1171 1571 1199 servarentur

177 1219 324 1271 decime
345 1222 461 1258 530611
484 1221 626 1258 Ebrulli
648 1220 693 1258 de
709 1221 774 1258 illa
794 1221 963 1272 regione.

228 1283 351 1321 XXX.
385 1283 571 1320 Rodulfus
591 1282 637 1320 de
658 1286 793 1320 Sancta
812 1283 996 1321 Columba
1016 1283 1119 1321 dedit
1140 1293 1267 1321 530610
1286 1284 1442 1321 Ebrulfo
1464 1284 1568 1322 deci-

177 1356 275 1380 mam
297 1358 401 1381 511310
419 1354 455 1382 61
474 1359 513 1382 56
533 1354 645 1395 atque
663 1354 780 1382 totum
803 1359 912 1382 suum
937 1346 1121 1383 concessit
1151 1354 1234 1396 post
1261 1360 1366 1384 5113111
1394 1356 1569 1387 mortem.

175 1408 301 1444 Testes
318 1408 558 1445 Isembardus
578 1409 827 1446 senescalcus.
847 1409 1051 1446 Rotbertus
1073 1409 1118 1446 de
1138 1410 1423 1447 Vuarleinvilla.

230 1471 374 1507 XXXI.
405 1474 515 1507 Anno
534 1470 581 1508 ab
601 1471 858 1508 incarnatione
889 1471 1041 1508 Domini
1072 1471 1272 1508 millesimo
1302 1471 1570 1522 nonagesimo,

176 1530 258 1581 ipso
293 1545 391 1570 anno
424 1547 499 1583 quo
525 1547 592 1570 rex
619 1533 842 1570 Vuillelmus
877 1533 974 1570 filius
1008 1533 1199 1570 Vuillelmi
1230 1534 1329 1585 regis
1361 1533 1572 1584 Anglorum

178 1607 253 1631 una
276 1608 359 1632 cum
396 1595 510 1633 fratre
540 1609 608 1633 suo
639 1595 821 1633 Rotberto
852 1595 988 1632 comite
1020 1595 1117 1632 ultra
1149 1609 1252 1633 mare
1286 1596 1473 1646 profectus
1494 1604 1570 1642 est,

178 1658 274 1696 sacta
298 1668 351 1696 est
379 1660 449 1709 hec
478 1660 677 1697 conventio
707 1660 806 1696 inter
832 1659 1039 1696 monachos
1063 1660 1179 1696 sancti
1201 1659 1346 1696 Ebrulfi
1366 1668 1400 1696 et
1420 1660 1573 1696 Vualte-

178 1721 276 1758 rium
296 1722 546 1773 presbiterum
565 1723 681 1759 filium
704 1722 849 1759 Pantoli
876 1722 1088 1772 presbiteri,
1118 1731 1231 1759 totam
1255 1723 1407 1760 terciam
1430 1732 1574 1773 partem

179 1782 325 1836 decime
351 1785 508 1836 ecclesie
534 1785 651 1822 sancti
678 1784 837 1821 Dionisii
873 1784 920 1822 de
942 1785 1099 1822 Malieru
1125 1785 1178 1821 illi
1208 1794 1474 1823 concesserunt
1494 1798 1575 1821 mo—

179 1846 316 1892 nachi,
346 1856 473 1897 preter
492 1847 592 1896 quod
617 1847 663 1884 de
682 1846 840 1884 diversis
872 1846 1043 1896 partibus
1069 1847 1280 1896 sumptibus
1312 1847 1474 1897 propriis
1505 1846 1575 1882 ad-

182 1916 388 1953 uexerant,
409 1909 455 1945 de
472 1908 609 1958 quibus
628 1909 741 1945 nichil
754 1908 806 1944 illi
819 1916 1096 1945 concesserunt.
1116 1907 1186 1945 Sed
1203 1910 1443 1958 etsepulture
1464 1907 1576 1944 totius

182 1970 421 2007 medietatem
442 1979 721 2015 concesserunt,
743 1979 778 2006 et
805 1969 921 2006 altare
940 1983 983 2006 ex
1007 1970 1154 2020 integro
1180 1978 1313 2013 totum,
1336 1969 1406 2005 nisi
1428 1982 1493 2006 sex
1512 1983 1575 2006 so-

181 2031 377 2068 lummodo
398 2032 635 2075 festivitates,
658 2031 694 2067 id
709 2031 899 2068 estnatale
914 2031 1085 2074 Domini,
1110 2030 1318 2080 purificatio
1344 2038 1470 2079 sancte
1492 2032 1574 2066 Ma-

182 2094 261 2138 riae,
284 2093 436 2144 pascha,
461 2092 827 2144 rogationes‚natale
852 2092 967 2128 sancti
988 2091 1171 2140 Dyonisii,
1201 2091 1379 2127 festivitas
1406 2091 1576 2128 omnium

181 2163 410 2198 sanctorum,
434 2167 526 2206 quas
546 2153 686 2191 medias
713 2154 960 2191 retinuerunt.
994 2155 1099 2189 Hanc
1115 2155 1163 2198 s‘l)
1189 2160 1313 2188 autem
1334 2151 1576 2189 elemosinam

184 2214 338 2252 dederat
368 2216 589 2252 vuillelmus
619 2215 664 2252 (16
697 2215 830 2251 Molins
858 2222 984 2251 sancto
1007 2213 1177 2259 Ebrulso,
1205 2213 1432 2250 concedente
1459 2227 1577 2251 uxore

183 2291 249 2314 sua
270 2278 458 2316 Albereda
483 2291 593 2328 quam
623 2286 709 2314 tunc
730 2276 913 2321 habebat3
937 2275 1000 2312 sed
1024 2284 1148 2325 postea
1162 2304 1170 2320 ‚
1193 2289 1275 2311 cum
1296 2275 1397 2312 illam
1418 2289 1578 2313 consan-

184 2340 375 2389 guinitatis
406 2353 518 2378 631153
550 2340 764 2383 dimisisset,
798 2338 904 2375 duxit
941 2338 1051 2374 aliam
1086 2337 1237 2374 nomine
1270 2336 1442 2382 Dudam,
1473 2338 1578 2385 cujus

186 2410 355 2452 tempore
376 2402 570 2452 requisivit
587 2402 663 2448 jam
685 2401 802 2438 (lictus
823 2400 1033 2437 Vnalterius
1054 2398 1236 2449 presbiter
1254 2412 1362 2435 51111111
1383 2399 1578 2436 (lominum

189 2465 376 2514 prefatum
389 2464 631 2501 Vuillelmum
649 2472 683 2500 et
703 2463 782 2510 ejus
804 2475 959 2499 uxorem
981 2461 1143 2505 Dudum,
1166 2461 1340 2510 quatinus
1360 2474 1427 2512 per
1447 2474 1578 2498 eorum

186 2526 440 2563 interventum
462 2525 634 2563 monachi
654 2525 770 2562 sancti
791 2524 932 2560 Ebrulfi
953 2523 1115 2573 aliquam
1136 2530 1279 2573 partem
1304 2522 1342 2559 in
1369 2522 1526 2574 ecclesia
1546 2522 1580 2560 ei

237 2719 283 2767 (1)
309 2720 363 2754 Cf.
383 2718 547 2761 Orderic,
572 2718 595 2752 l.
620 2730 660 2761 η
679 2717 732 2758 11,
755 2717 834 2751 407.
