2081 3408
481 277 498 310 1
509 276 555 311 30
854 275 1083 312 HISTORIA
1119 273 1495 312 ECCLESIASTICA.
1733 271 1868 319 [1141]

544 364 735 406 Peracta
784 360 939 421 itaque
993 377 1148 423 pugna
1194 372 1238 406 et
1282 378 1386 424 rege
1431 370 1598 423 capto,
1645 359 1870 405 dissensio

479 451 646 496 magna
682 435 801 480 facta
824 444 889 480 est
920 436 966 479 in
1000 437 1255 497 Angloruin
1287 454 1447 499 regno.
1489 437 1714 481 Henrieus
1746 435 1872 480 enim

477 511 839 557 Guentoniensis
881 511 1128 573 episcopus
1167 513 1236 573 (l)
1269 513 1327 558 ad
1366 512 1640 573 Andegavos
1681 528 1726 556 se
1762 527 1873 573 pro-

476 590 601 633 tinus
639 587 892 643 convertit,
942 597 1017 645 et,
1067 588 1300 634 comitissa
1338 589 1383 632 in
1416 588 1530 633 urbe
1566 588 1706 649 regali
1748 588 1874 632 savo—

476 664 685 710 rabiliter
717 673 925 726 recepta,
965 663 1154 708 fratrem
1185 680 1320 708 suum
1353 680 1508 725 regem
1539 673 1584 709 et
1607 680 1771 709 omnes
1797 663 1876 724 qui

478 741 536 786 de
578 750 706 803 parte
744 750 875 785 erant
920 740 1017 801 ejus
1051 740 1248 784 omnino
1293 740 1512 785 deseruit.
1552 741 1877 786 Gualerannus

476 827 631 863 autem
653 833 810 862 comes
833 826 877 862 et
899 816 1173 861 Guillelmus
1194 816 1252 861 (le
1275 818 1527 861 Guarenna
1552 825 1597 861 et
1619 816 1778 860 Simon
1806 816 1875 876 (42)

476 892 646 955 aliique
671 893 828 956 plures
855 893 1022 954 reginae
1045 892 1354 950 adhaeserunt,
1383 902 1425 937 et
1450 908 1536 954 pro
1562 908 1668 953 rege
1693 892 1878 952 suisque

476 967 731 1014 heredibus
765 969 956 1013 viriliter
992 979 1282 1032 pugnaturos
1313 985 1361 1013 se
1395 967 1771 1031 spoponderunt.
1807 968 1880 1013 Sic

479 1045 741 1091 admodum
765 1045 941 1091 malitia
957 1045 1067 1090 hinc
1088 1056 1133 1091 et
1150 1045 1259 1090 inde
1280 1046 1451 1108 passim
1472 1044 1776 1107 multiplicata
1794 1053 1876 1099 est,

479 1132 523 1166 et
563 1123 736 1185 rapinis
768 1139 820 1167 ac
854 1122 1079 1167 incendiis
1112 1122 1457 1183 hominumque
1489 1121 1691 1166 czedibus
1722 1120 1882 1181 Anglia

479 1199 654 1261 repleta
687 1208 782 1257 est,
825 1208 891 1255 et,
934 1215 1035 1260 quae
1068 1198 1181 1242 olim
1210 1197 1436 1242 ditissima
1476 1196 1671 1242 affluens
1707 1197 1877 1253 suerat,

480 1292 608 1320 nunc
636 1275 960 1320 miserabiliter
985 1274 1193 1319 desolata
1215 1284 1298 1319 est.

544 1354 699 1396 XLIII.
749 1350 989 1395 Jossredus
1032 1360 1187 1395 autem
1226 1349 1566 1409 Andegavensis
1608 1365 1793 1406 comes,
1832 1360 1881 1394 ut

482 1444 677 1473 uxorem
698 1443 830 1472 suam
847 1428 1009 1472 vicisse
1029 1427 1222 1483 audivit,
1248 1426 1462 1489 protinus
1480 1427 1525 1470 in
1542 1428 1880 1472 Normanniam

479 1504 623 1561 venit,
648 1503 822 1563 legatos
838 1502 894 1547 ad
915 1519 1132 1566 primeres
1146 1501 1328 1561 direxit,
1348 1518 1400 1547 ae
1416 1511 1464 1546 ut
1478 1502 1763 1547 munitiones
1777 1518 1881 1548 suas

481 1580 567 1625 sibi
590 1579 817 1625 dederent
840 1589 885 1624 et
908 1578 1088 1642 pacifici
1108 1588 1262 1624 essent
1278 1579 1382 1640 jure
1406 1578 1658 1640 requisivit.
1683 1579 1878 1638 Primus,

480 1657 527 1700 in
549 1657 763 1718 sequenti
783 1656 1135 1717 quadragesima
1151 1656 1478 1717 (3),R01rocus
1496 1655 1756 1701 Moritoniae
1772 1673 1882 1702 con-

481 1731 551 1776 sul
578 1748 740 1794 pacem
765 1748 873 1776 eum
897 1731 976 1776 illo
1003 1732 1131 1789 feeit,
1161 1741 1227 1790 et,
1257 1741 1394 1794 rupto
1420 1730 1592 1776 foedere
1613 1732 1742 1793 quod
1772 1749 1879 1778 cum

480 1825 588 1870 rege
622 1810 884 1871 pepigerat,
911 1809 1133 1854 auxilium
1159 1825 1294 1853 suum
1319 1807 1728 1869 Andegavensibus
1751 1809 1879 1854 exhi-

480 1886 599 1931 buit.
635 1887 943 1932 Occasionem
982 1902 1184 1948 namque
1223 1886 1299 1930 ira*
1335 1895 1500 1929 contra
1538 1902 1695 1947 regem
1732 1904 1882 1951 nuper

481 1973 691 2026 ceperat,
726 1962 855 2024 quod
885 1963 1036 2025 ipsum
1071 1980 1156 2024 pro
1192 1962 1432 2024 ereptione
1462 1962 1661 2007 Richerii
1698 1965 1881 2026 nepotis

481 2039 550 2083 sui
577 2039 871 2101 requisierat,
898 2039 978 2083 sed
1008 2038 1123 2083 nihil
1152 2054 1234 2100 per
1260 2039 1411 2100 ipsum
1438 2038 1782 2100 impetraverat.
1810 2040 1881 2084 Ri-

482 2115 666 2160 cherius
696 2115 927 2177 siquidem
958 2115 1016 2160 de
1046 2114 1209 2177 Aquila
1246 2114 1486 2160 dominico
1526 2116 1572 2159 in
1602 2115 1875 2178 septembri,

483 2191 597 2237 dum
622 2191 767 2237 beatae
787 2192 944 2237 Mariae
958 2192 1171 2236 nativitas
1193 2190 1502 2236 celebraretur
1520 2192 1606 2253 [li-J,
1621 2208 1728 2236 cum
1752 2209 1777 2237 L
1797 2193 1880 2236 mi-

484 2268 638 2313 litibus
672 2269 717 2313 in
745 2268 955 2329 Angliam
982 2267 1173 2330 pacifice
1201 2267 1435 2329 pergebat,
1465 2284 1664 2329 cumque
1687 2267 1746 2312 ad
1771 2268 1880 2313 bur-

486 2361 594 2404 gum
621 2345 700 2406 qui
731 2345 833 2389 Lira
857 2344 1028 2389 dieitur
1050 2345 1119 2406 (ὅ)
1154 2344 1343 2388 inermis
1377 2344 1676 2406 pervenisset,
1703 2359 1730 2389 a
1756 2345 1878 2389 Rod-

535 2510 544 2551 (
575 2510 583 2552 )
608 2510 701 2555 Voy.
722 2511 797 2554 plus
817 2510 912 2551 haut,
932 2523 968 2555 p.
989 2510 1064 2544 123.

534 2566 582 2611 (..)
608 2567 725 2599 Simon
745 2568 786 2599 (le
804 2569 925 2609 Sentis,
941 2576 1052 2601 cointe
1070 2566 1112 2600 (le
1130 2567 1400 2613 Northampton.

535 2625 588 2669 (3)
614 2627 706 2658 Mars
730 2628 830 2659 1141.

532 2683 581 2727 (4)
608 2682 653 2714 Le
670 2682 854 2714 dimam-lie
872 2684 891 2714 8
917 2683 1108 2728 septembre
1132 2684 1230 2717 1140.

533 2741 542 2773 (

537 2742 582 2783 1ὃ)
610 2741 697 2780 Lire,
716 2749 841 2773 canton
861 2740 903 2771 ‹h›
921 2742 1047 2784 Ruglcs
1066 2740 1193 2787 (Eure).
