2081 3408
484 269 531 304 90
863 265 1093 303 HISTORIA
1120 265 1497 301 ECCLESIASTICA.
1743 263 1774 310 [1
1787 265 1800 298 1
1814 263 1877 310 37]

483 352 704 397 donetur.
756 353 873 396 Ecce
924 367 1071 396 saevus
1109 353 1314 413 Sauguin
1352 361 1397 397 et
1440 352 1621 414 gentilis
1656 350 1880 395 exereitus

482 438 626 474 terras
645 437 826 473 nostras
846 444 996 490 nuper
1015 429 1300 487 invaserunt,
1321 439 1382 485 ct,
1411 438 1655 491 perempto
1677 426 1880 472 exercitu

483 505 668 562 Christi,
706 502 1111 564 ¹lerosolymorum
1144 521 1299 565 regem
1331 521 1440 549 cum
1472 504 1630 566 paucis
1673 504 1718 547 in
1762 518 1881 564 quo-

483 580 591 625 dam
616 579 804 625 castello
829 580 1127 642 pertinaciter
1150 579 1453 638 obsederunt,
1485 589 1529 626 et
1557 580 1758 625 inclusos
1784 579 1883 642 plu-

482 657 611 702 ribus
635 656 789 702 modis
813 655 871 701 ad
895 655 1186 701 deditionem
1207 667 1417 702 coartare
1440 667 1669 718 satagunt.
1699 660 1884 702 Nostra-

482 746 549 781 tes
592 745 748 781 autem
804 735 888 780 viri
932 734 977 779 in
1028 737 1128 780 Deo
1176 744 1415 798 sperantes
1453 735 1644 780 viriliter
1696 734 1882 780 obstare

482 813 756 870 moliuntur,
782 811 1160 874 mirabiliumque
1193 813 1278 857 Dei
1306 828 1559 866 memores,
1590 811 1722 856 velox
1756 811 1884 856 auxi-

481 888 597 934 lium
636 889 733 951 ejus
771 889 1097 952 opperiuntur,
1132 887 1353 949 eligentes
1388 889 1434 933 iu
1473 888 1665 933 nomine
1695 887 1886 931 Domini

482 969 628 1030 magis
653 984 736 1030 per
760 976 959 1011 mortem
985 966 1136 1010 socios
1161 967 1316 1028 sequi,
1354 982 1496 1028 quam
1522 982 1630 1011 cum
1654 964 1887 1010 dedecore

483 1047 691 1109 profanis
738 1045 784 1089 in
830 1045 922 1089 x'ita
957 1060 1038 1088 sua
1084 1043 1336 1105 subjugari.
1375 1047 1476 1089 Jam
1524 1043 1630 1087 satis
1668 1050 1887 1086 eventum

483 1122 699 1180 audistis,
727 1131 792 1178 et,
822 1122 930 1183 quia
979 1120 1234 1183 prudentes
1275 1131 1415 1183 atque
1453 1119 1631 1166 cordati
1669 1118 1887 1163 homines

485 1200 617 1255 estis,
641 1199 737 1260 jam
762 1197 876 1260 quid
901 1198 1038 1242 velim
1076 1207 1121 1242 et.
1157 1196 1270 1258 quid
1297 1197 1368 1260 agi
1400 1205 1613 1260 oporteat
1637 1196 1682 1240 in
1705 1194 1783 1240 tali
1808 1211 1888 1239 ne-

485 1276 635 1338 gocio,
664 1275 782 1320 bene
806 1274 1110 1337 perpenditis.
1144 1293 1164 1315 >³

550 1354 628 1398 His
654 1352 838 1409 auditis,
865 1369 1028 1397 omues
1053 1351 1263 1396 alacriter
1288 1350 1534 1396 adversum
1562 1366 1769 1413 paganos
1793 1367 1890 1395 sese

485 1430 779 1486 obtulerunt,
811 1439 853 1474 et
880 1429 1081 1474 obsessis
1114 1427 1332 1473 fratribus
1366 1428 1606 1489 suffragari
1641 1428 1747 1472 totis
1779 1427 1889 1471 nisi·

485 1506 572 1551 bus
611 1515 907 1569 optaverunt.
945 1508 1091 1550 Laetus
1116 1506 1255 1566 igitur
1280 1504 1540 1568 patriarcba
1564 1503 1678 1549 dixit
1709 1521 1717 1548 :
1749 1523 1769 1546 «
1792 1506 1890 1548 Deo

487 1583 652 1644 gratias
694 1583 873 1645 agimus
912 1582 1093 1627 Adonai
1128 1581 1403 1637 fortissimo,
1442 1582 1521 1643 qui
1561 1597 1745 1643 semper
1782 1596 1891 1625 suos

485 1660 623 1705 celeri
647 1659 864 1721 dignatur
882 1659 1086 1703 relevare
1107 1659 1290 1703 solatio.
1316 1660 1448 1701 Nunc
1471 1674 1599 1717 erge,
1629 1673 1710 1701 vos
1731 1656 1810 1718 qui
1832 1655 1890 1700 de

487 1737 623 1781 natali
646 1736 745 1781 solo
766 1752 851 1798 pro
868 1735 1042 1780 coelesti
1061 1751 1222 1779 amore
1243 1733 1472 1797 progressi
1500 1734 1605 1777 estis
1630 1742 1673 1777 et
1701 1731 1891 1776 dilectas

486 1812 709 1873 conjuges
733 1812 1010 1871 divitiasque
1031 1810 1109 1854 diu
1135 1811 1346 1872 quaesitas
1368 1810 1615 1871 reliquistis
1636 1808 1786 1853 etliue
1808 1824 1892 1870 per

487 1889 644 1950 plures
667 1889 713 1933 in
741 1889 856 1932 mari
879 1896 922 1931 et
946 1887 991 1931 in
1018 1895 1139 1931 terra
1160 1886 1394 1931 molestias
1415 1885 1688 1948 pervenistis
1705 1921 1714 1939 ,
1738 1900 1891 1929 exem-

487 1965 562 2026 pla
585 1974 853 2009 sanctorum
884 1972 1143 2021 sumentes,
1166 1971 1352 2006 scutum
1387 1960 1494 2006 {idei
1521 1960 1817 2023 praetendite,
1845 1969 1888 2004 et

486 2042 751 2086 sanctuario
770 2041 876 2096 lici,
903 2039 1033 2102 quod
1055 2038 1113 2084 ‹le
1134 2038 1394 2100 longinquo
1419 2038 1647 2100 expetitis⁷
1671 2046 1893 2082 constan-

487 2127 555 2163 ter
578 2120 850 2163 succurrite.
880 2118 1111 2161 Dominus
1136 2116 1381 2161 vobiscum
1408 2125 1491 2173 esu
1516 2114 1595 2176 qui
1620 2113 1817 2158 obsessis
1844 2113 1891 2157 in

488 2195 698 2240 Belliulia
730 2197 824 2240 cito
863 2210 946 2256 per
979 2193 1199 2237 [himinam
1238 2191 1505 2237 consulatus
1539 2200 1623 2236 est.
1660 2193 1773 2234 Nam
1810 2204 1893 2251 per

486 2271 647 2315 Juditli
672 2271 862 2315 viduam
887 2268 1075 2332 superbi
1095 2279 1235 2331 caput
1258 2268 1487 2313 Olofernis
1511 2266 1783 2329 amputavit,
1813 2268 1891 2310 As-

487 2349 713 2411 syriisque
737 2348 948 2394 contritis
977 2348 1206 2392 sitientem
1238 2345 1467 2409 populum
1494 2344 1566 2407 pie
1590 2343 1889 2404 refrigeravit,

487 2426 775 2488 victoriaque
807 2425 945 2470 simul
980 2424 1331 2485 innumerisque
1356 2422 1514 2485 spoliis
1544 2421 1731 2476 ditavit,
1754 2430 1794 2466 et
1823 2437 1893 2466 su-

489 2519 572 2565 per
591 2520 754 2547 omnes
777 2503 1064 2547 circumsitas
1090 2501 1302 2546 nationes
1328 2498 1658 2560 magnilicaxit.
1687 2496 1892 2543 Ezechiae

490 2595 681 2640 quoque
701 2580 793 2638 regi
816 2580 859 2623 in
876 2578 1129 2623 Jerusalem
1145 2576 1324 2622 incluso
1342 2592 1422 2638 per
1438 2575 1599 2619 lsaiam
1615 2573 1891 2636 proplietam

489 2656 780 2700 securitatem
805 2656 1058 2712 mandavit,
1081 2664 1125 2700 et
1144 2653 1355 2715 sequenti
1379 2661 1516 2697 nocte
1540 2660 1728 2696 centum
1750 2659 1891 2695 octo-

490 2732 837 2794 gintaquiuque
854 2732 998 2778 millia
1022 2731 1309 2792 Assyriorum
1330 2745 1414 2792 per
1434 2727 1651 2789 angelum
1669 2725 1890 2774 combus-
