2081 3408
488 307 563 342 114
868 306 1095 341 HISTORIA
1123 306 1348 343 ECCLESIA
1355 306 1487 343 STICA
1496 333 1503 340 .
1753 305 1783 352 [l
1798 305 1887 352 138]

486 393 656 447 lerunt,
683 392 1022 454 serviciumque
1045 410 1182 438 suum
1209 395 1302 456 regi
1337 392 1568 456 supplices
1596 392 1885 449 obtulerunt,

485 480 556 525 et,
584 468 864 531 compressis
904 468 1243 530 aliquantulum
1280 470 1510 516 seditiosis
1547 468 1887 525 desertoribus,

485 558 717 594 amatores
739 547 866 610 pacis
891 547 974 592 laet.
997 548 1028 592 ti
1053 558 1177 593 sunt.

551 626 728 671 Eadem
751 625 1027 688 septimana,
1055 624 1293 688 Stephano
1318 626 1413 687 regi
1440 626 1600 670 similis
1632 624 1819 670 fortuna
1844 625 1890 670 in

485 703 573 749 alia
588 703 719 765 regni
734 711 864 765 parte
881 701 1093 747 blandita
1111 712 1194 748 est.
1212 705 1328 747 Nam
1350 718 1507 747 comes
1522 702 1643 748 Albae
1656 703 1807 749 lli-arlae
1824 702 1894 764 (l)

487 790 532 825 et
557 780 777 841 Rogerius
802 779 860 825 (le
884 778 1113 824 Molbraio
1137 788 1300 825 contra
1330 795 1487 840 regem
1521 780 1685 824 Scotiae
1712 795 1894 842 pugna-

485 866 654 902 verunt
671 895 681 915 ,
721 866 766 901 et
808 855 1049 901 interfecta
1085 855 1388 901 multitudine
1429 857 1695 901 Scottorum
1736 873 1893 918 regem

489 934 781 996 fugaverunt,
810 934 1080 995 caedemque
1112 932 1454 989 truculentam,
1483 949 1625 995 quam
1658 932 1721 977 illi
1756 949 1896 995 super

489 1012 660 1074 Anglos
701 1012 877 1073 absque
907 1012 1036 1056 omni
1076 1010 1336 1056 reverentia
1374 1010 1636 1055 christianae,
1661 1009 1898 1071 religionis

483 1094 582 1153 jffln
607 1089 791 1152 pridem
817 1097 1146 1143 exercuerant,
1173 1087 1257 1132 ulti
1291 1095 1414 1131 sunt.
1443 1088 1588 1132 Scotti
1614 1103 1786 1149 nempe
1813 1087 1898 1130 nii-

490 1183 655 1211 nacem
672 1165 878 1227 gladium
894 1174 1154 1210 metuentes
1165 1163 1223 1208 ad
1239 1179 1409 1225 aquam
1426 1162 1659 1224 sugerunt,
1680 1173 1721 1209 et
1737 1164 1900 1223 ingens

492 1243 665 1287 flumen
683 1243 877 1287 nomine
889 1241 1061 1287 Zedam
1082 1241 1181 1285 sine
1197 1239 1318 1285 vado
1334 1240 1584 1294 irruerunt,
1605 1250 1900 1301 mortemque

492 1319 721 1382 fugientes
746 1335 770 1365 a
791 1328 943 1364 morte
962 1318 1177 1381 protinus
1197 1316 1405 1379 absorpti
1431 1326 1535 1361 sunt
1552 1318 1641 1378 (2‘1.
1671 1320 1776 1361 Post
1803 1316 1902 1361 diu-

492 1396 639 1441 tinam
657 1395 860 1440 duorum
884 1411 1046 1455 regum
1073 1410 1306 1454 guerram,
1323 1401 1365 1438 et
1387 1394 1605 1438 atrociter
1619 1393 1678 1438 ab
1693 1393 1902 1454 utrisque

494 1473 553 1519 ad
587 1472 846 1517 multorum
870 1472 1208 1516 deti-{mentum
1243 1470 1568 1529 exercitatam,
1604 1471 1742 1532 legati
1778 1469 1903 1533 pacis

495 1551 718 1596 divinitus
746 1551 880 1596 exciti
905 1560 1031 1606 sunt,
1053 1559 1097 1594 et
1122 1549 1242 1594 inter
1261 1548 1426 1593 ambos
1450 1565 1595 1610 reges,
1622 1549 1701 1610 qui
1719 1547 1903 1592 damnis

495 1637 541 1673 et
572 1626 775 1672 caedibus
815 1626 1106 1688 assiduisque
1139 1626 1262 1670 curis
1293 1635 1337 1669 et
1380 1624 1622 1670 laboribus
1658 1624 1755 1686 jam
1800 1624 1901 1669 fessi

496 1713 645 1760 erant,
672 1703 1019 1761 discurrerunt,
1048 1703 1269 1765 ipsosque
1293 1701 1352 1746 ad
1375 1700 1683 1746 concordiam
1704 1716 1901 1746 revoca-

497 1790 681 1826 verunt.

564 1856 791 1900 Henricus
816 1856 972 1916 itaque
991 1853 1111 1898 filius
1139 1853 1288 1898 David
1312 1854 1431 1915 regis
1459 1854 1624 1898 Scotiae
1650 1853 1903 1898 amicitiam

496 1932 824 1994 hujuscemodi
853 1931 1151 1994 approbavit,
1187 1947 1240 1974 ac
1268 1930 1528 1988 Adelinam,
1552 1929 1785 1975 (luillelmi
1815 1931 1904 1975 Su-

499 2009 688 2071 tliregia·
707 2008 891 2054 comitis
913 2007 1073 2061 liliam,
1091 2007 1328 2052 adamavit
1349 2044 1359 2065 ,
1385 2016 1427 2052 et*
1452 2008 1498 2051 in
1524 2007 1793 2068 conjugium
1818 2006 1905 2052 sibi

499 2087 754 2148 requisivit.
778 2084 1126 2130 Necessitudine
1148 2083 1226 2128 tali
1242 2085 1538 2139 constrictus,
1556 2084 1767 2129 amicitiae
1790 2087 1906 2128 Nor-

497 2178 784 2207 mannorum
809 2171 853 2206 et
884 2161 1139 2222 Anglorum
1174 2160 1442 2206 medullitus
1468 2161 1675 2217 adhaesit,
1703 2162 1811 2222 quia
1837 2177 1907 2206 sa·

497 2239 630 2284 lubre
655 2249 699 2284 et
722 2238 973 2284 utillimum
1005 2238 1098 2283 lioe
1130 2237 1226 2282 fore
1251 2237 1337 2282 sibi
1369 2239 1557 2301 suisque
1596 2237 1813 2283 consultu
1839 2253 1907 2282 sa-

499 2317 710 2379 pientum
746 2316 998 2379 perspexit.

565 2395 808 2436 xxxvttl.
845 2395 1022 2436 Interea
1052 2392 1308 2435 lN'ormanni
1339 2391 1385 2434 in
1422 2391 1580 2435 matris
1612 2407 1704 2435 sure
1729 2390 1906 2451 gremio

500 2469 944 2525 debacchabantur,
985 2479 1030 2513 et
1068 2468 1222 2530 plures
1257 2468 1472 2528 nequitiae
1513 2468 1683 2530 passim
1720 2483 1909 2530 perage—

500 2547 689 2592 bantur.
731 2548 939 2610 Septimo
977 2546 1051 2591 die
1089 2545 1395 2608 septembris,
1441 2546 1660 2605 ssogerius
1694 2545 1909 2590 Toenites

544 2735 589 2779 (l)
617 2735 826 2769 Guissaunw,
847 2742 960 2765 conus*
978 2733 1172 2765 (l’Aumalc.

543 2796 574 2840 (τὶ

578 2794 586 2839 )
615 2796 708 2826 (lette
724 2795 870 2838 journtie
889 2802 933 2825 cst
951 2806 1089 2825 connue
1106 2805 1185 2826 sous
1200 2793 1229 2824 lc
1246 2805 1329 2825 noni
1347 2791 1389 2824 (lc
1402 2792 1538 2825 bataillc
1557 2791 1599 2825 (lc
1616 2782 1831 2827 l'Iiltendzn—d.
