2081 3408
495 251 569 286 144
806 257 813 260 “
1054 247 1313 286 APPENDIX.

549 336 634 371 352.
664 331 833 370 Liberius
852 344 962 381 papa.

547 398 636 432 3559.
668 393 770 431 Felix
790 406 900 443 papa.

546 458 636 493 360.
668 453 805 504 Pagani
828 452 927 503 apud
956 453 1146 490 Sebastem
1166 454 1298 491 urbem
1323 468 1405 492 ossa
1433 454 1548 492 sancti
1576 453 1755 491 Johannis
1782 456 1878 503 Bap-

495 518 578 567 tistg¹
597 524 837 552 concremant
855 515 1013 551 flammis
1033 524 1144 564 atque
1164 515 1397 566 dispergunt.

548 580 612 614 361
627 607 634 614 .
668 580 815 613 Mortuo
833 576 1074 614 Constantino
1091 577 1266 613 successit
1284 577 1468 615 Julianus.

545 641 634 678 362.
666 640 853 676 Defuncto
872 638 1023 676 Juliano
1043 639 1219 676 successit
1237 639 1431 676 Jovianus.

545 700 649 738 Felix
669 713 778 751 papa.

548 764 636 801 363.
671 765 817 798 Mortuo
839 761 999 798 Joviano
1022 760 1196 798 successit
1215 761 1512 798 Valentinianus.

546 826 634 861 365.
667 827 739 860 Iste
763 837 843 860 xv11
871 837 992 860 annus
1010 823 1222 861 Constancii
1242 822 1494 873 imperatoris,
1520 823 1671 872 quando
1696 823 1880 861 Antonius

495 885 698 923 monachus
718 885 890 922 mox-itur.

544 950 647 984 Tunc
667 950 935 998 Cesarauguste
955 951 1086 984 Petrus
1106 955 1233 984 orator
1250 947 1404 998 insignis
1427 947 1598 986 habetur.

547 1012 637 1047 366.
669 1010 835 1046 Hilarius
853 1009 1080 1047 Pictavensis
1100 1009 1205 1048 obiit.

546 1071 786 1108 Marcellinus
805 1071 1108 1122 archiepiscopus
1128 1070 1426 1121 Rotomagensis.

549 1135 637 1171 367.
670 1136 852 1170 Damasus
872 1146 981 1184 papa.

549 1196 637 1232 368.
670 1198 751 1232 Hoc
775 1204 942 1245 tempore
958 1193 1171 1231 Mediolano
1193 1202 1340 1230 sanctus
1360 1193 1579 1231 Ambrosius
1598 1192 1795 1244 episcopus
1816 1205 1880 1230 or-

549 1255 712 1293 dinatur.

550 1319 636 1354 373.
670 1320 749 1354 Hoc
769 1326 938 1367 tempore
962 1316 1054 1353 obiit
1078 1317 1240 1354 Hilarius
1259 1318 1469 1368 episcopus.

550 1381 637 1416 374.
668 1383 817 1416 Mortuo
839 1378 1116 1426 Valentiniano,
1136 1388 1268 1430 regnat
1283 1380 1418 1417 Valens
1440 1392 1525 1415 cum
1553 1378 1733 1415 Gratiano
1753 1386 1789 1414 et
1806 1380 1883 1414 Va-

495 1439 715 1479 lentinianti.

551 1506 637 1539 3755.
670 1503 911 1541 Ambrosium
940 1503 1083 1554 perfida
1111 1502 1307 1540 obsidione
1338 1502 1490 1540 vexavit
1527 1514 1596 1538 nec
1634 1500 1737 1551 prius
1770 1514 1882 1550 quam

497 1564 650 1614 prolatis
670 1564 865 1601 beatorum
892 1564 1063 1602 Gervasii
1089 1573 1125 1601 et
1153 1565 1307 1601 Protasii
1332 1564 1548 1611 martirum,
1569 1567 1648 1600 Deo
1668 1563 1880 1610 revelante,

498 1629 667 1678 reliquiis
682 1630 906 1679 incorruptis
925 1629 1088 1666 nefanda
1109 1638 1214 1679 cepta
1234 1629 1410 1666 deseruit.

551 1693 638 1728 379.
671 1692 854 1728 Defuncto
868 1692 1037 1737 Valente,
1050 1691 1223 1727 successit
1234 1691 1452 1738 Teodosius,
1468 1689 1718 1740 quiGratiano
1733 1689 1883 1725 vivente

498 1764 561 1789 sex
581 1752 700 1800 aunis,
726 1761 807 1802 post
828 1760 984 1788 mortem
1007 1753 1084 1798 ejus
1105 1765 1154 1790 xx.

550 1816 630 1849 Hoc
651 1822 818 1863 [empore
837 1813 1049 1850 celebratur
1065 1812 1513 1862 Constantinopolitanum
1535 1811 1734 1848 concilium
1753 1826 1796 1848 CL
1814 1825 1885 1862 pa—

496 1882 592 1910 trum
613 1874 792 1911 adversus
811 1874 1072 1911 Macedonium
1096 1880 1132 1912 et
1151 1875 1377 1911 Eunomium
1398 1873 1467 1910 sub
1486 1877 1661 1910 Damaso.

552 1938 639 1974 3855.
672 1937 825 1973 Siricius
846 1949 954 1986 papa.

552 2002 639 2036 5386.
671 2003 800 2036 Petrus
819 1999 1103 2049 Rotomagensis
1123 1998 1436 2049 archiepiscopus.

551 2064 638 2098 387.
671 2065 825 2097 Sanctus
850 2060 1028 2097 Martinus
1049 2060 1245 2097 ordinatur
1268 2061 1477 2111 episcopus.

552 2125 640 2161 395.
670 2123 853 2160 Teodosio
873 2122 1047 2159 successit
1070 2122 1292 2160 Archadius.

551 2188 638 2223 400.
672 2186 888 2222 Anastasius
910 2198 1019 2235 papa.

550 2250 639 2284 402.
671 2246 910 2283 Innocentius
943 2259 1052 2296 papa.
1084 2246 1153 2282 Hic
1180 2245 1279 2282 misit
1311 2244 1534 2283 decretalem
1568 2244 1762 2294 epistolam
1796 2244 1885 2280 Vic-

499 2309 605 2345 tricio
626 2309 891 2360 Rotomagensi
913 2308 1209 2358 archiepiscopo,
1232 2308 1298 2344 llic
1321 2307 1510 2344 constituit
1532 2306 1684 2343 sabbato
1699 2306 1883 2352 jejunare,

500 2371 586 2419 quia
606 2384 650 2407 co
670 2371 729 2407 die
747 2371 930 2407 Dominus
947 2370 1063 2416 jacuit
1082 2370 1118 2406 in
1142 2369 1356 2419 sepulchro.

552 2434 638 2469 4055.
668 2436 822 2469 Sanctus
842 2432 1037 2467 Victricius
1056 2431 1336 2481 Rotomagensis
1360 2429 1673 2479 archiepiscopus.

554 2496 641 2530 407.
675 2497 841 2530 Donatus
868 2493 968 2543 Epiri
990 2493 1185 2543 episcopus
1210 2491 1411 2528 virtutibus
1441 2492 1597 2542 insignis
1628 2490 1801 2536 liabetur,
1822 2491 1886 2540 qui

501 2556 690 2606 ingentem
711 2555 911 2592 draconem
932 2556 1006 2592 oris
1026 2556 1082 2591 sui
1102 2563 1211 2605 sputo
1231 2554 1398 2601 necavit,
1417 2567 1530 2603 quem
1551 2562 1635 2590 octo
1658 2553 1747 2603 juga
1772 2551 1886 2590 boum

503 2618 567 2656 Vix
591 2617 737 2653 trahere
758 2626 959 2666 potuerunt
979 2617 1023 2653 ad
1046 2618 1126 2653 loca
1146 2616 1322 2653 incendii.

555 2681 643 2716 409.
676 2678 864 2715 Archadio
883 2679 1061 2717 successit
1078 2678 1284 2717 Honorius,
