2081 3408
163 271 298 323 111371
547 275 689 310 IJBER
717 275 916 312 TERJTUS
946 276 1174 313 DECIMKOE.
1517 280 1564 315 97

159 362 232 418 sit,
260 361 590 424 tumidumque
614 378 770 424 regem
789 362 1107 409 Sennacherib
1132 374 1235 428 post
1254 364 1569 431 blasphemias

159 450 405 502 trucesque
442 439 590 484 minas
625 456 733 484 cum
775 439 1009 486 dedecore
1043 441 1227 500 fugavit.
1261 446 1365 488 Haec
1402 454 1446 490 et
1482 444 1569 490 alia

160 516 305 561 multa
338 516 409 561 his
434 516 601 561 similia
629 517 672 561 in
700 517 870 562 divinis
904 517 1125 581 operibus
1170 520 1490 579 considerate,
1524 530 1569 567 et

158 595 204 639 in
239 595 323 639 Dei
356 595 525 640 virtute
565 594 856 641 confidentes
896 605 1132 642 certamen
1158 597 1286 643 inite.
1314 619 1335 639 »

222 671 510 717 Salutaribus
546 673 703 736 itaque
737 673 925 719 monitis
958 683 1105 720 coetus
1136 674 1415 721 christianos
1443 692 1569 738 pon-

156 747 265 793 tifex
306 748 547 806 instruxit,
584 759 627 795 et
663 759 866 795 armatos
918 750 977 796 ad
1019 750 1272 813 phalanges
1305 755 1568 798 Turcorum

156 825 303 872 duxit.
334 827 659 890 Speculatores
684 838 839 874 autem
864 845 1156 891 paganorum
1185 829 1410 891 grandem
1435 847 1572 877 exer·

155 904 298 949 citum
324 921 349 950 a
376 907 492 950 mari
516 906 781 951 venientem
806 916 1161 969 perspexerunt,
1190 917 1233 953 et
1260 909 1461 972 principi
1486 926 1567 956 sue

155 982 371 1044 protinus
393 983 816 1028 annunciaverunt.
838 982 917 1029 Ille
933 999 1046 1029 vero
1064 993 1309 1047 promptos
1326 995 1370 1030 et
1388 986 1569 1032 dicaces

154 1057 330 1118 legatos
364 1058 554 1104 obviam
590 1059 738 1115 misit,
769 1068 813 1104 et
837 1075 920 1121 per
957 1075 1037 1105 eos
1073 1060 1336 1121 quiessent
1364 1061 1437 1106 vel
1474 1078 1570 1124 quo

157 1134 399 1180 tenderent
437 1134 649 1180 sollerter
680 1135 939 1197 inquisivit.
990 1140 1044 1180 At
1079 1135 1143 1181 illi
1187 1136 1569 1200 responderunt}

158 1209 450 1255 «Christiani
489 1227 667 1256 sumus.
712 1215 860 1257 Porro
907 1211 1126 1257 fratribus
1167 1214 1360 1270 nostris,
1401 1231 1520 1276 quos
1545 1230 1566 1261 a

155 1288 347 1351 paganis
384 1287 600 1334 obsessos
624 1288 864 1347 audimus,
884 1288 1092 1334 auxiliari
1116 1300 1211 1335 tota
1245 1291 1416 1337 virtute
1440 1292 1550 1355 cupi

154 1381 275 1409 mus.
305 1364 429 1410 Alios
454 1382 660 1428 quoque,
691 1367 771 1428 qui
807 1367 904 1427 jam
943 1367 1173 1430 perempti
1198 1377 1323 1425 sunt,
1351 1367 1475 1413 bello
1500 1368 1570 1414 ul-

153 1441 260 1486 cisci
285 1452 607 1504 peroptamus.
630 1462 650 1484 ›>
682 1445 1073 1505 Responsumque
1097 1452 1165 1488 est
1187 1442 1274 1488 illis
1302 1453 1349 1489 ut
1368 1444 1427 1490 ad
1453 1460 1571 1508 prae-

152 1535 258 1564 sens
281 1520 436 1582 quiete
461 1519 666 1578 silerent,
697 1531 740 1566 et
765 1520 810 1565 in
838 1519 913 1566 die
938 1520 1075 1566 term
1102 1519 1161 1566 ad
1186 1538 1394 1584 pugnam
1419 1523 1567 1586 parati

155 1606 326 1642 essent.

216 1677 415 1732 Interea,
441 1675 636 1721 callidus
651 1676 857 1737 Sanguin
877 1676 1134 1721 Fulconem
1157 1692 1315 1738 regem
1341 1676 1401 1722 ad
1421 1675 1569 1722 collo-

154 1753 317 1814 quium
347 1753 585 1811 accersiit,
617 1753 758 1815 eique
791 1753 911 1798 inter
938 1752 1164 1815 plurimas
1185 1763 1397 1799 versutas
1431 1753 1571 1815 tergi-

154 1830 438 1874 versationes
463 1829 602 1874 dixit:
627 1850 646 1870 α
663 1829 897 1875 Nobilitati
917 1838 1004 1874 tuae
1026 1829 1226 1875 multum
1249 1829 1509 1888 condoleo,
1527 1840 1572 1877 et

154 1905 265 1967 quia
288 1921 365 1950 rex
390 1921 459 1962 es,
483 1905 582 1961 tibi,
604 1905 640 1950 si
667 1906 750 1962 vis,
774 1922 966 1968 parcere
991 1905 1226 1951 desidero.
1247 1907 1436 1969 Optime
1459 1906 1571 1950 novi

154 1995 252 2025 esse
287 1989 420 2025 tuum
455 1990 498 2025 et
535 1980 852 2026 defectionem
890 1981 1058 2026 virium
1097 1991 1302 2026 tuarum.
1348 1981 1572 2042 Angustia

154 2058 309 2116 lamis,
340 2075 449 2102 cum
473 2057 693 2103 omnibus
724 2059 805 2121 qui
837 2067 993 2103 tecum
1020 2057 1184 2102 inclusi
1210 2067 1339 2115 sunt,
1368 2058 1569 2104 nimium

155 2134 462 2197 opprimeriS,
507 2151 594 2180 nec
643 2134 835 2197 aliquod
878 2133 1219 2180 adminiculum
1266 2151 1317 2180 ex
1362 2134 1571 2196 qualibet

153 2221 284 2273 parte
308 2211 604 2274 praestolaris.
635 2215 722 2257 Fac
747 2228 857 2273 ergo
887 2227 1051 2274 pacem
1083 2227 1286 2257 mecum.
1317 2211 1567 2258 Castellum

155 2289 296 2346 mihi,
325 2306 434 2334 cum
458 2289 677 2335 omnibus
704 2290 785 2352 qui
812 2290 935 2335 intus
967 2298 1099 2349 sunt,
1135 2288 1302 2348 redde,
1337 2299 1380 2335 et
1411 2307 1497 2352 ego
1523 2300 1569 2337 te

155 2366 421 2427 permittam
448 2365 650 2412 liberum
676 2365 861 2411 abire.»
889 2366 1030 2411 Fulco
1055 2365 1326 2429 respondit:
1361 2366 1519 2412 «Absit
1541 2383 1567 2414 a

156 2458 230 2487 me
251 2452 303 2487 ut
319 2442 516 2488 traditor
545 2443 654 2489 fiam
677 2442 872 2488 fratrum
899 2459 1131 2488 meorum.
1170 2445 1269 2488 Hoc
1297 2443 1566 2490 nullatenus

156 2519 305 2566 facere
331 2520 529 2578 diffinio,
558 2522 653 2567 imo
684 2538 792 2566 cum
823 2522 887 2566 eis
922 2537 1070 2583 usque
1103 2519 1162 2566 ad
1183 2530 1384 2566 mortem
1408 2538 1565 2584 perse·

154 2597 345 2656 verabo,
365 2607 409 2644 et
426 2599 588 2660 agonis
613 2597 755 2643 finem
770 2599 999 2662 patienter
1015 2597 1289 2660 expectabo.
1314 2617 1334 2639 >›
1360 2598 1567 2660 Sanguin

155 2673 294 2719 dixit:
322 2695 342 2715 «
359 2677 477 2720 Cum
494 2676 582 2720 tuis
598 2674 814 2738 loquere,
835 2683 879 2719 et
894 2674 1004 2720 utile
1022 2674 1100 2720 tibi
1120 2675 1303 2737 tuisque
1319 2674 1568 2720 consilium

156 2751 331 2814 accipe.
374 2755 563 2798 Parcam
598 2751 682 2798 tibi
715 2753 825 2815 quia
860 2768 941 2799 rex
975 2768 1023 2799 es
1057 2761 1102 2799 et
1135 2751 1363 2798 honorari
1404 2751 1564 2800 debes·

375 2841 395 2863 v
1337 2831 1358 2869 7
