2081 3408
503 261 517 295 1
530 261 577 295 56
1066 259 1329 294 APPENDIX.

502 346 739 384 observanda
757 345 829 382 fide
849 345 969 391 misit,
991 355 1027 382 et
1046 359 1113 383 rex
1134 359 1153 382 e
1175 346 1347 396 captione
1366 345 1546 383 liberatus
1567 355 1635 389 est,
1661 354 1697 382 et
1714 345 1897 383 Ricardus

503 410 539 445 in
560 409 678 458 patria
695 420 819 443 comes
840 407 996 444 firmiter
1016 416 1070 443 est
1090 407 1371 445 corroboratus.

556 472 645 506 076.
678 468 875 505 Lotharius
909 481 976 505 rex
1007 471 1239 505 Francorum
1264 468 1357 505 obiit
1383 477 1419 505 et
1449 468 1665 506 Ludovicus
1697 469 1794 506 filius
1821 470 1901 517 ejus

504 545 542 566 ix
562 530 669 566 annis
692 529 879 579 regnavit.

557 594 645 628 970.
677 590 892 636 Johannes‚
922 591 1046 628 occiso
1074 591 1298 637 Nichefom,
1321 604 1388 641 per
1408 605 1566 629 uxorem
1597 593 1678 639 ejus
1708 592 1902 643 regnavit,

504 654 608 700 cujus
632 653 754 702 neptis
775 654 993 703 Teopbania
1016 655 1143 690 Ottoni
1166 654 1384 703 imperatori
1404 655 1544 704 nupsit.

559 718 647 752 983.
684 717 769 752 Otto
785 715 915 762 junior
940 716 1148 767 imperator
1168 715 1280 764 obiit,
1303 724 1339 752 et
1358 718 1443 753 Otto
1460 717 1558 753 filius
1578 716 1658 768 ejus
1677 718 1798 754 infans
1821 730 1907 754 suc-

505 779 629 816 cessit.

560 842 648 877 9256.
685 842 765 876 Hoc
791 848 961 890 tempore
981 839 1074 877 obiit
1091 841 1323 888 Ludovicus,
1353 848 1389 877 et
1409 843 1520 891 Hugo
1543 844 1702 892 Magnus
1722 841 1908 879 Karolum

508 902 691 940 Ludovici
710 902 860 939 fratrem
882 903 982 953 cepit
1001 911 1037 939 et
1053 917 1123 953 pro
1142 903 1208 939 iiio
1229 902 1415 954 regnavit.

562 967 651 1002 980.
684 964 872 1001 Robertus
897 963 1204 1015 archiepiscopus
1228 965 1529 1016 Rotomagensis.

562 1029 652 1064 993.
686 1026 873 1063 Robertus
892 1039 959 1063 rex
979 1027 1151 1077 Francic.

563 1090 652 1124 906.
685 1086 787 1124 Obiit
814 1089 958 1137 primus
978 1087 1161 1125 Ricardus
1183 1088 1260 1124 dux
1280 1091 1585 1124 Normannorum
1607 1087 1704 1125 filius
1723 1088 1888 1125 Willemi
1902 1118 1911 1133 ‚

510 1150 570 1186 cui
588 1149 764 1186 successit
786 1149 969 1186 Ricardus
989 1149 1175 1186 secundus
1200 1150 1296 1186 filius
1317 1149 1410 1195 ejus.

567 1214 655 1248 990.
687 1210 892 1248 Gerbertus
914 1224 1024 1261 papa.

568 1274 685 1311 1002.
719 1274 805 1309 Otto
828 1272 1035 1322 imperator
1054 1272 1146 1310 obiit
1168 1282 1204 1310 et
1227 1272 1412 1311 Henricus
1434 1273 1623 1310 successit.

568 1337 684 1372 1003.
715 1334 906 1370 Johannes
927 1347 1038 1384 papa.

568 1399 683 1433 1006.
717 1395 818 1432 Obiit
850 1395 1093 1432 Hildebertus
1121 1395 1263 1444 abbas,
1288 1397 1353 1446 qui
1393 1395 1619 1433 restauravit
1648 1396 1918 1433 monasterium

517 1459 634 1496 sancti
654 1458 841 1495 Audoeui.

572 1522 686 1557 1017.
720 1518 821 1556 Obiit
839 1519 981 1556 Juditta
1001 1519 1204 1559 comitissa.

572 1583 688 1620 1024.
719 1581 904 1618 Hem-icus
927 1581 1133 1632 imperator
1161 1581 1266 1618 obiit.
1297 1580 1483 1619 Successit
1515 1579 1548 1616 ei
1581 1582 1683 1617 Cono
1717 1579 1924 1629 imperator

519 1647 722 1695 Augustus.

571 1706 674 1743 Obiit
692 1705 916 1742 Benedictus
935 1718 1047 1756 papa.

575 1771 690 1805 1025.
719 1769 819 1805 Obiit
835 1768 1034 1804 Willemus
1060 1768 1288 1814 monachus,
1313 1767 1411 1804 filius
1428 1767 1579 1804 niem-di
1602 1765 1762 1802 comitis.

574 1832 691 1868 1026.
722 1830 824 1867 Obiit
852 1829 1036 1866 Ricardus
1070 1829 1256 1866 secundus
1291 1829 1367 1865 dux
1394 1831 1714 1865 Normannorum.
1742 1826 1927 1863 Successit

521 1892 705 1929 Ricardus
726 1892 863 1928 tercius
897 1892 961 1942 qui
982 1891 1115 1928 eodem
1147 1904 1246 1928 anno
1277 1900 1447 1927 mortuus
1472 1899 1538 1928 est.
1575 1888 1786 1926 Robbertus
1812 1889 1926 1925 frater

523 1954 602 2001 ejus
623 1954 814 1991 successit.

580 2019 693 2055 1031.
725 2016 826 2053 Obiit
843 2015 1045 2052 Rotbertus
1076 2028 1142 2052 rex
1163 2015 1321 2065 Franciq¹
1341 2015 1401 2051 cui
1426 2014 1603 2051 successit
1622 2011 1809 2049 Henricus
1830 2011 1927 2048 filius

525 2077 617 2124 ejus.
640 2101 690 2106 -—-
711 2078 812 2114 Obiit
831 2077 1049 2114 Gunnordis
1073 2077 1273 2114 comitissa.

580 2143 693 2178 1033.
725 2140 827 2178 Obiit
846 2140 1036 2177 Mathildis
1058 2140 1131 2176 filia
1149 2138 1299 2176 Ricardi
1318 2138 1477 2175 comitis.

581 2206 694 2240 1034.
724 2203 917 2240 ,Iohannes
941 2204 1054 2239 frater
1076 2201 1266 2239 Benedicti
1287 2214 1399 2252 papa.

580 2268 695 2302 4035.
728 2265 829 2302 Obiit
852 2264 1055 2302 Rotbertus
1080 2264 1157 2301 dux
1179 2266 1500 2308 Normannmum,
1518 2260 1577 2298 cui
1600 2258 1775 2296 successit
1795 2258 1928 2294 wille-

528 2340 610 2363 mus
630 2328 727 2364 filius
746 2328 825 2374 ejus
844 2328 883 2363 in
905 2327 1041 2378 puerili
1063 2335 1176 2377 etate.

583 2389 697 2423 1036.
728 2388 951 2425 Benedictus
969 2401 1081 2438 papa,
1103 2400 1221 2437 nepos
1242 2385 1435 2423 Benedicti
1460 2393 1496 2421 et
1514 2382 1709 2420 Johannis.

584 2451 698 2485 1037.
730 2449 831 2486 Obiit
849 2450 1062 2487 Rodbertus
1087 2449 1406 2499 archiepiscopus.
1434 2446 1618 2483 Successit
1639 2442 1843 2495 Malgerius
1866 2441 1931 2492 qui

531 2509 640 2559 culpa
661 2510 832 2559 exigente
854 2511 1045 2561 depositus
1069 2519 1136 2547 cst.

586 2573 699 2608 1030.
733 2572 833 2608 Obiit
853 2573 1047 2609 Conradus
1067 2572 1284 2621 imperator.
1310 2569 1492 2607 Successit
1514 2567 1699 2604 Henricus
1719 2565 1815 2602 lilius
1835 2563 1928 2610 ejus.

584 2633 756 2669 Clemens
780 2647 890 2682 papa.
915 2634 1117 2671 Suicherus
1139 2633 1260 2669 dictus
1280 2629 1604 2681 Bavenbergensis
1625 2628 1835 2678 episcopus.

590 2696 705 2732 1042.
738 2696 943 2732 Mon-tantas
964 2695 1161 2732 hominum
1184 2706 1331 2743 inagna.
