2081 3408
547 326 641 362 SUR
669 326 882 362 ORDERIC
908 327 1064 363 VITAL.
1412 337 1518 362 xcvu

110 412 353 450 contiennent
371 412 437 450 des
458 412 537 450 vies
562 413 609 450 de
633 413 763 459 saints,
785 414 1053 463 compositions
1074 414 1148 450 fort
1170 413 1325 466 goutees
1345 426 1413 464 par
1435 415 1512 451 Or-

110 472 213 509 deric
237 476 305 521 (1).
338 476 406 512 Ces
438 475 713 511 circonstances
735 475 909 512 meritcnt
940 488 1025 512 sans
1046 475 1159 513 doute
1180 474 1298 513 d'etre
1324 475 1442 526 prises
1465 489 1512 513 611

109 535 404 576 consideration.
427 539 470 574 Je
495 537 677 574 n'oserais
700 537 913 588 cependant,
937 550 1002 588 pas
1032 538 1200 575 (1111111161ἱ
1221 551 1296 588 que
1319 539 1353 576 16
1375 551 1511 575 manu-

110 598 197 634 scrit
217 597 306 634 dont
323 598 360 645 je
379 599 483 649 parle
503 600 553 636 ait
574 601 631 636 cte
656 600 813 636 execute
835 614 903 650 par
922 599 957 636 la
980 599 1082 637 main
1105 600 1303 638 d'Orderic
1322 600 1418 637 Vital
1440 602 1507 649 (2).

163 661 202 695 ‘2⁰
229 663 439 698 Mamm—crit
463 664 509 698 de
529 655 820 699 Saz'lzt-Ett'emee
837 664 883 697 (le
898 666 999 699 Caesz
1013 677 1057 698 οα
1073 665 1119 698 de
1140 665 1176 699 la
1193 668 1296 698 resne
1309 665 1356 698 cle
1375 663 1510 701 Suede.

110 744 161 748 —
179 721 276 762 Bibl.
299 723 350 760 du
370 723 540 769 vatican,
569 724 679 761 fonds
699 724 745 762 de
766 725 801 761 la
826 725 929 762 reine
955 725 1001 761 de
1024 725 1163 770 Suede,
1184 734 1226 762 n⁰
1247 727 1337 765 703.
1360 727 1411 762 Ce
1432 737 1514 762 ma-

108 784 266 829 nuscrit,
300 798 474 835 provenu
505 786 552 823 de
583 785 756 835 l‘abbaye
789 786 834 823 de
865 779 1150 824 Saint-Etienne
1183 787 1229 824 de
1262 790 1377 835 Caen,
1402 800 1424 824 a
1456 787 1514 824 ete

110 848 322 897 transporte
344 850 363 884 a
385 849 488 884 Paris
508 848 673 898 pendant
695 849 731 885 la
754 849 971 886 revolution
999 850 1197 899 francaise.
1220 873 1271 877 —
1292 853 1513 899 In-quarto,

110 908 347 957 parchemin,
371 912 676 959 quarante-neuf
700 910 876 949 feuillets.
902 933 951 938 —
974 913 1018 947 Je
1048 910 1130 947 dois
1158 911 1193 948 la
1217 911 1449 961 description
1470 911 1517 948 de

110 982 152 1005 ce
178 970 332 1008 volume
353 974 373 1008 a
396 972 548 1009 l'amitie
579 972 625 1009 de
653 985 743 1008 mon
765 972 954 1019 consrere,
977 976 1027 1008 M.
1051 971 1182 1009 Andre
1201 973 1371 1010 Salmon.
1393 994 1445 1000 —-
1464 975 1517 1009 La

110 1031 377 1083 Bibliotlieque
407 1034 603 1084 imperiale
635 1046 682 1072 611
712 1033 872 1083 possede
898 1047 972 1070 une
1004 1035 1112 1084 copie
1136 1037 1205 1081 (3),
1227 1048 1301 1085 que
1326 1037 1380 1072 La
1405 1037 1518 1072 Porte

111 1096 171 1130 Du
193 1095 299 1132 Tlieil
320 1104 500 1147 rapporta
517 1095 563 1132 de
582 1099 703 1132 Rome
726 1097 745 1131 a
767 1095 803 1132 la
822 1097 871 1132 fin
897 1095 949 1132 du
969 1104 1082 1132 §tvme
1102 1096 1228 1134 siecle.

164 1159 216 1193 Le
231 1158 437 1194 manuscrit
454 1157 504 1193 du
519 1157 673 1194 Vatican
688 1158 854 1194 contient
875 1158 910 1194 la
931 1158 981 1194 fin
1001 1157 1052 1194 du
1066 1158 1162 1195 livre
1178 1161 1247 1195 VII
1261 1158 1308 1197 de
1326 1159 1519 1198 l’Histoire

112 1218 406 1269 ecclesiastique,
431 1222 451 1255 a
470 1219 588 1269 partit*
608 1219 659 1256 du
678 1219 939 1271 paragraphe:
963 1223 1072 1256 Almo
1096 1220 1143 1257 ab
1165 1223 1422 1258 incarnacione
1442 1225 1517 1259 Do-

113 1409 249 1442 Comm.
274 1422 281 1444 ε
303 1423 320 1440 ε(
342 1409 432 1442 Laus
447 1408 510 1442 Dei
529 1416 577 1442 est
599 1409 763 1455 praeelara
781 1416 980 1442 sanctorum
1006 1409 1169 1444 miracula
1191 1410 1433 1456 plausibilibus
1456 1424 1520 1445 ex-

112 1466 231 1498 tollere
248 1465 443 1511 praeconiis.
467 1480 481 1497 1>

161 1522 198 1556 6Ο
218 1523 291 1569 (fol.
322 1522 403 1569 150)
429 1535 436 1557 ι
461 1537 475 1554 α
504 1522 619 1556 Passio
640 1530 838 1556 sanctorum
864 1522 967 1555 Nerei
987 1531 1018 1556 et
1042 1523 1208 1565 Achillei,
1237 1537 1313 1569 quae
1333 1533 1382 1559 est
1403 1533 1526 1570 quarto

113 1577 191 1612 idus
209 1579 301 1612 maii.
327 1592 341 1609 n
361 1579 498 1614 Comm.
523 1591 530 1613 ε
551 1592 566 1610 ((
588 1578 661 1612 Nisi
685 1577 798 1612 studia
822 1578 1082 1612 katholicorum
1102 1580 1294 1614 securitatis
1311 1592 1380 1614 suae
1401 1593 1526 1614 sonnio

113 1636 339 1679 quiescerent.
365 1647 380 1668 1)
400 1635 454 1669 Cf.
473 1634 636 1675 ordene,
656 1636 672 1667 I
685 1663 692 1676 ,
713 1636 793 1668 250.

163 1694 200 1725 7⁰
216 1692 292 1735 (fol.
316 1693 380 1726 155
398 1692 447 1735 νο)
469 1704 475 1725 :
498 1705 515 1722 (ι
528 1691 645 1725 Passio
663 1691 771 1724 sancti
786 1691 962 1737 Peregrini
979 1692 1147 1738 episcopi.
1170 1706 1185 1725 ›)
1202 1693 1340 1726 Comm.
1362 1705 1368 1728 :
1388 1708 1406 1725 (ι
1420 1695 1527 1727 Tem-

114 1759 199 1793 pore
215 1747 273 1780 illo
291 1760 371 1781 cum
392 1761 426 1781 se
446 1748 605 1793 pestifera
622 1748 853 1781 barbarorum
871 1748 981 1780 rabies
998 1749 1101 1794 longe
1117 1750 1251 1794 lateque
1267 1749 1478 1796 profudisset
1495 1760 1527 1784 et

115 1803 313 1849 principum
333 1804 508 1838 sententiae
525 1802 638 1836 editae.
659 1818 673 1835 1>

163 1862 199 1893 8ο
219 1860 292 1907 (fol.
315 1862 380 1894 156
397 1862 448 1905 v0)
468 1873 474 1895 ;
503 1872 517 1892 «
536 1860 616 1893 Vita
635 1861 743 1893 sancti
770 1859 907 1893 Odonis
931 1861 1078 1894 abbatis.
1099 1875 1116 1892 »
1136 1863 1230 1896 Prol.
1251 1874 1258 1895 :
1279 1876 1296 1893 (ε
1317 1863 1478 1897 Dominis
1496 1873 1527 1898 ct

115 1916 150 1949 in
166 1917 307 1950 Christo
326 1917 488 1950 fratribus
505 1915 732 1950 dilectissimis
750 1917 1038 1959 Salerniensibus,
1058 1930 1176 1951 servus
1189 1918 1316 1952 Christi
1334 1919 1525 1955 Johannes.

117 1973 261 2005 Librum
293 1985 395 2017 quem
418 1972 637 2007 doctissimus
665 1972 841 2006 Palladius
868 1972 910 2005 de
934 1973 1017 2008 vita.
1042 1987 1059 2004 ³>
1078 1974 1144 2006 Vie
1171 1987 1177 2008 ;
1208 1989 1224 2004 ι(
1251 1975 1316 2007 Hic
1345 1975 1450 2020 igitur
1473 1975 1527 2009 vir

117 2028 330 2061 Francorum
355 2029 516 2074 prosapia
536 2029 645 2062 extitit
666 2027 840 2069 oiundus‚
859 2027 918 2060 sed
933 2029 1022 2061 intra
1047 2027 1184 2061 domini
1219 2042 1236 2060 22
1256 2049 1300 2054 —-
1319 2030 1415 2062 Cette
1432 2030 1486 2063 vie
1507 2043 1526 2064 a

118 2086 170 2117 ete
190 2085 328 2130 publiee
346 2098 408 2130 par
423 2085 595 2117 Mabillon
608 2114 615 2127 ,
637 2089 736 2126 Acta,
755 2086 801 2125 V,
831 2086 906 2118 150.
928 2085 977 2117 La
994 2084 1043 2117 fin
1062 2084 1106 2118 de
1126 2093 1176 2118 cet
1191 2086 1358 2130 opuscule
1375 2098 1525 2132 inanque

117 2141 203 2174 dans
224 2150 322 2174 notre
339 2141 541 2176 manuscrit.

166 2198 216 2243 (1)
245 2212 259 2230 «
279 2199 328 2230 De
341 2198 518 2230 sanctitate
533 2204 565 2229 et
578 2196 753 2229 miraculis
770 2204 968 2229 sanctorum
989 2196 1122 2230 mallem
1137 2197 1300 2230 scribere.
1321 2210 1337 2229 )>
1357 2198 1426 2240 III,
1444 2199 1525 2234 327.

118 2254 189 2295 Cf.‚
209 2254 285 2299 plus
304 2253 405 2295 haut,
427 2266 461 2298 p.
480 2264 613 2286 Lxxvm
635 2260 666 2284 et
686 2264 714 2286 s·

165 2311 215 2357 (Ξ)
243 2311 289 2343 Le
306 2309 506 2342 benedictin
531 2308 591 2353 qui
615 2321 634 2341 a
651 2307 779 2349 dresse‚
798 2321 840 2340 cn
863 2309 969 2349 1682,
989 2309 1019 2341 le
1043 2309 1221 2354 catalogue
1239 2308 1298 2342 des
1323 2310 1528 2344 manuscrits

119 2367 162 2400 de
190 2357 434 2400 Saint-Evroul
450 2366 553 2410 (Bibl.
583 2366 686 2410 imp.,
704 2363 818 2398 residu
835 2364 1110 2398 Saint-Germain
1123 2391 1131 2407 ,
1148 2378 1228 2411 paq.
1250 2367 1341 2411 1166),
1365 2366 1425 2399 fait
1441 2375 1528 2400 cette

119 2424 339 2457 observation
357 2435 416 2455 sur
437 2423 468 2455 le
484 2423 623 2454 volume
646 2420 830 2454 d'Ortleric
846 2433 912 2465 que
932 2421 1090 2467 l'abbaye
1111 2420 1153 2454 de
1173 2413 1424 2455 Saint-Evroul
1441 2435 1525 2468 pos-

118 2479 225 2514 sedait
246 2493 252 2514 :
273 2497 287 2513 a
315 2480 357 2512 In
378 2479 484 2513 veteri
509 2477 682 2511 Uticensis
706 2477 928 2510 bibliothecae
948 2478 1104 2523 catalogo
1130 2487 1355 2512 recensentur
1378 2488 1528 2523 quatuor

119 2536 297 2570 volumina
321 2535 463 2576 Vitatis,
482 2548 500 2568 e
516 2535 643 2580 quibus
669 2534 737 2567 1106
766 2546 875 2566 unum
901 2546 1077 2579 superesse
1100 2533 1268 2570 dolemus.
1294 2534 1416 2578 Unde,
1444 2548 1525 2568 cum

119 2593 213 2626 idem
235 2592 430 2637 catalogus,
449 2592 509 2636 qui
535 2591 627 2624 circa
643 2603 675 2624 a.
700 2591 786 2623 1140
804 2589 992 2623 adornatus
1014 2603 1085 2623 esse
1111 2590 1341 2636 dignoscitur,
1361 2591 1526 2624 dilutiore

119 2648 259 2694 quidem
276 2657 481 2682 attramento
500 2647 559 2680 sed
575 2647 695 2680 eadem
709 2659 812 2680 manu
826 2655 1022 2692 coaptatum
1037 2647 1146 2680 hocce
1159 2648 1323 2681 volumen
1336 2648 1523 2688 contineat,

120 2718 191 2739 non
209 2705 439 2751 improbabile
453 2712 502 2738 est
515 2705 583 2737 hoc
596 2705 710 2750 ipsum
728 2715 798 2736 esse
814 2703 964 2736 auctoris
977 2704 1249 2750 autographum,
1264 2703 1361 2748 quod
1377 2704 1525 2738 instante

121 2770 232 2795 morte
249 2761 486 2806 compleverit.
507 2775 524 2792 ῃ

168 2818 214 2867 (3)
242 2818 434 2853 Collection
448 2817 622 2861 DuTheil,
640 2819 771 2851 Notices
787 2825 818 2850 et
834 2819 968 2851 eztrac'ts
984 2817 1039 2851 des
1057 2830 1130 2853 mss.
1151 2818 1190 2851 de
1205 2821 1311 2861 Rome,
1331 2817 1401 2852 vol.
1421 2816 1522 2849 XVI.

1291 2899 1317 2935 ἒ
