2081 3408
499 259 515 293 1
526 260 573 294 54
1060 260 1088 293 A
1095 259 1318 296 ΡΡΕΝΒΙΧ.

498 359 677 397 paganos.
711 344 905 382 Ludovico
934 344 1010 380 filio
1034 345 1218 382 Ludovici
1241 346 1339 397 regis
1363 346 1524 396 primuni
1554 353 1714 383 exeunte
1742 344 1789 381 ad
1816 358 1889 395 pu-

495 421 604 459 gnam
623 410 778 455 Deoque
794 405 957 442 donante
970 437 978 453 ‚
991 407 1097 456 potiti
1116 416 1200 444 sunt
1218 409 1412 446 victoriam
1429 437 1437 454 ‚
1452 418 1584 459 etpars
1604 406 1889 445 innumerabilis

496 482 626 507 eorum
651 468 815 504 maxima
833 467 978 504 cecidit.

548 533 636 568 884.
670 530 782 566 Sedes
804 532 1109 566 Normannorum
1129 530 1166 566 in
1192 530 1397 581 Diushurg.

548 593 636 630 886.
669 591 835 628 Marinus
856 603 966 640 papa.

547 655 636 690 887.
668 656 744 690 Leo
763 661 799 689 et
819 652 1034 690 Alexander
1051 653 1116 689 filii
1133 653 1256 690 Basilii
1274 667 1352 690 xxn
1373 654 1480 691 annis
1499 664 1766 705 regnaverunt.

547 719 636 754 888.
668 717 833 753 Karolus
873 716 1081 766 imperator
1116 716 1222 753 obiit.
1263 716 1442 754 Arnulfus
1475 729 1541 754 rex
1575 717 1780 767 imperator
1812 717 1891 754 effi-

492 779 600 817 citur.

545 841 734 878 Adrianus
754 853 865 891 papa.

545 905 634 939 880.
667 902 876 952 Stephanus
895 915 1007 952 papa.

545 966 634 1002 893.
666 964 824 1000 Iniciuni
848 964 953 1014 regni
971 964 1101 1000 Karoli
1122 964 1244 1014 pueri.
1271 963 1392 1009 Hujus
1413 963 1519 1000 miles
1543 965 1714 1013 Bagam).

544 1027 626 1061 Hoc
643 1033 812 1074 tempore
831 1033 939 1075 capta
954 1033 1008 1061 est
1022 1025 1152 1062 civitas
1171 1025 1432 1071 Eliroacensis;
1451 1024 1516 1061 sed
1536 1024 1757 1074 episcopus,
1775 1023 1892 1061 Sebar

491 1088 645 1124 nomine
659 1117 667 1133 ‚
688 1090 769 1123 Deo
792 1096 966 1134 auctore,
990 1087 1122 1124 evasit.

543 1151 632 1187 898.
666 1149 835 1199 Hungari
855 1149 998 1186 Italiam
1020 1149 1177 1199 ingressi
1199 1149 1315 1186 inulta
1335 1149 1524 1195 fecerunt,
1544 1157 1579 1185 et
1602 1149 1781 1186 Arnulfus
1800 1148 1893 1185 obiit

490 1212 714 1261 imperator,
735 1224 777 1247 ac
798 1211 1014 1247 Ludovicus
1031 1211 1068 1247 in
1092 1223 1218 1261 regen]
1244 1211 1428 1247 elevatur.

542 1276 622 1309 Hoc
650 1281 819 1322 tempore
847 1272 953 1308 Rollo
985 1285 1070 1308 cuin
1101 1272 1267 1308 exercitu
1297 1284 1366 1308 suo
1394 1275 1660 1309 Can-notensem
1701 1271 1890 1307 civitatem

489 1333 648 1370 obsedit.
673 1332 746 1371 Sed
766 1332 966 1382 episcopus
986 1331 1155 1378 ejusdem
1180 1331 1282 1368 urbis
1298 1361 1307 1377 ,
1326 1331 1533 1368 waltemus
1551 1333 1704 1368 nomine
1720 1332 1778 1368 vir
1800 1332 1891 1368 reli-

488 1395 720 1446 giosissimus
736 1423 744 1439 ,
757 1393 961 1430 Ricardum
983 1393 1202 1443 Burgundicg
1216 1393 1350 1430 duceni
1373 1401 1409 1429 et
1428 1392 1586 1429 Ebalum
1612 1392 1890 1430 Pietas-ensium

487 1457 660 1494 comitem
680 1457 717 1493 in
744 1469 812 1492 suo
834 1456 976 1492 auxilio
996 1468 1209 1505 provocans
1224 1484 1232 1500 ‚
1259 1455 1422 1491 tunicam
1444 1464 1570 1505 sancto
1591 1455 1709 1505 Mai-ie
1732 1454 1891 1505 virginis

488 1520 525 1556 in
545 1518 718 1555 manibus
736 1519 859 1554 serens
874 1546 885 1565 ‚
899 1516 1099 1555 Rollonem
1120 1517 1253 1554 ducein
1271 1517 1401 1554 divino
1422 1525 1517 1553 nutu
1536 1517 1680 1568 fugavit
1700 1525 1735 1553 et
1753 1516 1891 1553 civita-

488 1589 560 1618 tem
580 1580 766 1618 liberavit.

540 1644 630 1679 900.
662 1641 925 1678 chdebaldus
946 1653 1013 1678 rex
1034 1641 1149 1677 filiuni
1175 1640 1319 1677 Arnulfi
1340 1640 1475 1677 occidit
1497 1641 1567 1689 (1).

540 1706 629 1739 904.
663 1703 809 1739 Bellum
848 1703 947 1739 inter
973 1702 1185 1739 Conraduni
1215 1711 1251 1738 et
1279 1701 1525 1739 Adalbertuin
1554 1702 1701 1738 francos
1718 1731 1727 1746 ‚
1751 1702 1789 1738 in
1815 1715 1890 1751 quo

485 1764 681 1802 Conradus
701 1764 849 1803 cecidit.

539 1829 630 1866 908.
671 1827 885 1864 Alexander
922 1839 997 1863 uno
1029 1840 1127 1863 anno
1165 1826 1529 1876 Constantinopolim
1568 1826 1676 1876 regit.
1718 1826 1889 1878 Hungari

485 1890 686 1929 Saxoniam
706 1898 741 1925 et
759 1888 1005 1940 Thuringiain
1025 1897 1186 1927 vastant.

539 1954 627 1989 909.
660 1951 923 1988 Constantinus
947 1951 1285 2000 Porphirogenitus
1304 1950 1441 1987 Leonis
1459 1950 1556 1987 filius
1574 1963 1660 1987 cuni
1682 1958 1800 1987 matre
1821 1963 1888 1987 sua

485 2016 574 2050 Zoe.

537 2077 627 2114 911.
659 2074 875 2112 Ludovicus
908 2074 1006 2111 filius
1044 2074 1192 2111 Arnulfi
1220 2073 1327 2111 obiit.
1361 2074 1574 2112 Burcardus
1598 2088 1664 2112 rex
1687 2074 1883 2114 occiditur.

483 2136 678 2174 Com-udus
701 2137 798 2173 filius
816 2136 979 2174 Com-adi
1002 2137 1040 2173 in
1061 2150 1188 2186 regem
1211 2136 1396 2173 elevatur.

537 2203 616 2235 Hoc
635 2212 734 2236 auno
757 2198 963 2249 baptizavit
983 2201 1127 2236 Franco
1145 2199 1361 2236 Rollonem.

537 2264 625 2298 9113.
672 2265 865 2298 Romanus
901 2262 1146 2298 Armeniacus
1188 2274 1273 2297 cum
1321 2260 1489 2310 predicto
1530 2260 1773 2297 Constantino
1814 2273 1888 2297 an-

483 2322 541 2358 nis
566 2336 669 2358 xxw.

537 2385 628 2422 9114.
660 2387 769 2421 Facta
799 2393 854 2421 est
884 2398 956 2435 pax
985 2384 1082 2421 inter
1119 2385 1304 2421 Karolum
1338 2392 1373 2420 et
1404 2384 1605 2420 Rollonem
1637 2384 1815 2434 deditque
1852 2385 1887 2423 ei

484 2445 648 2483 Karolus
662 2446 774 2483 filiani
797 2460 901 2483 suain
923 2446 1077 2483 nomine
1098 2446 1238 2483 &islam
1252 2475 1260 2490 ,
1282 2445 1328 2481 de
1342 2458 1417 2494 qua
1437 2445 1584 2481 nullum
1598 2445 1715 2482 filiuni
1737 2446 1880 2485 habuit.

535 2635 579 2681 (¹)
606 2636 665 2667 (Ἰοῖ
681 2635 796 2667 article
814 2644 857 2667 ost
878 2635 976 2680 copi(-
994 2635 1081 2668 deux
1104 2636 1183 2670 fois:
1205 2637 1236 2669 la
1254 2635 1421 2681 premiere
1437 2661 1444 2675 ‚
1461 2648 1502 2667 (n
1521 2633 1641 2678 regard
1656 2633 1698 2665 (le
1712 2634 1779 2666 l'an
1796 2634 1883 2675 9005

487 2694 519 2726 la
536 2691 685 2725 seconde
697 2718 706 2731 ,
725 2705 767 2725 vn
783 2692 905 2737 regard
924 2692 966 2725 de
983 2695 1051 2726 l'au
1067 2694 1149 2727 9027..
