2081 3408
254 239 313 287 [1-1
325 237 390 285 33]
636 237 780 272 LIBER
807 234 1009 271 TERTIUS
1039 234 1268 271 DECIMUS.
1608 233 1657 269 29

254 342 386 384 num,
417 323 688 388 opulentam
715 323 1082 387 metropolitam,
1112 323 1298 368 secessit
1327 321 1420 384 (433
1455 321 1546 366 illic
1576 338 1660 384 per

253 403 409 467 plures
432 418 582 448 annos
600 401 908 465 apostolicam
927 399 1201 461 dignitatem
1225 400 1450 455 exercuit,
1479 408 1524 444 et
1548 399 1659 444 inde

253 497 336 544 per
369 479 535 525 orbem
559 478 808 524 decretalia
833 478 945 523 scita
966 477 1233 522 destinavit.

315 561 436 603 Xlll.
465 561 595 603 Tunc
620 558 746 619 rigor
770 566 939 603 sancta*
960 555 1330 601 conversationis
1360 554 1407 599 in
1438 554 1657 600 ecclesia-

251 635 375 681 sticis
414 635 519 680 viris
549 634 811 680 admodum
847 634 1019 690 crevit,
1059 643 1103 678 et
1136 631 1421 678 canonicalis
1452 631 1571 676 ordo
1611 631 1659 676 in

252 712 446 757 Francia
490 721 536 756 et
582 711 743 774 Anglia
784 709 1102 772 multipliciter
1152 709 1396 754 adamatus
1444 707 1655 753 invaluit.

251 791 426 834 Fervor
449 805 640 851 quoque
667 788 893 834 abbatum
918 797 1065 832 metas
1088 796 1440 831 antecessorum
1464 802 1660 830 suorum

251 866 585 912 transcendere
624 865 918 929 praesumpsit
936 900 946 920 ,
991 873 1036 909 et
1079 863 1243 926 priscis
1286 862 1662 907 i1‘1stitutionibus

253 943 467 1003 graviora
491 942 826 1006 superadjecit,
854 941 1057 1003 satisque
1079 939 1198 985 dura
1231 937 1545 983 imbecillibus
1565 938 1661 984 hu-

255 1020 394 1064 meris
419 1034 565 1064 onera
587 1019 813 1081 imposuit
838 1018 928 1078 (2).

320 1099 480 1141 Petrus
518 1094 837 1141 Cluniacensis
870 1093 1017 1140 abbas
1052 1091 1320 1138 veredarios
1355 1100 1400 1136 et
1442 1090 1663 1154 epistolas

252 1190 334 1237 per
363 1190 528 1219 omnes
550 1173 688 1219 cellas
707 1189 811 1218 suas
828 1182 940 1218 tunc
964 1172 1147 1228 direxit,
1177 1179 1223 1216 et
1248 1186 1413 1215 omnes
1437 1169 1662 1216 cellarum

249 1251 430 1314 priores
471 1250 530 1296 de
566 1251 728 1312 Anglia
759 1261 803 1296 et
839 1250 965 1295 [talia
1000 1249 1249 1311 regnisque
1283 1247 1382 1293 aliis
1423 1249 1658 1306 accersiit,

244 1328 415 1390 jubens
445 1337 496 1373 ut
523 1328 766 1373 dominico
801 1327 1180 1389 Quadragesimae
1205 1326 1339 1371 tertio
1363 1324 1431 1387 (3)
1455 1325 1664 1371 Cluniaci

249 1405 483 1462 adessent,
512 1415 561 1450 ut
577 1415 807 1469 praecepta
834 1405 1103 1450 monasticae
1121 1403 1490 1449 conversationis
1513 1412 1664 1448 auste-

249 1485 376 1530 riora
394 1499 536 1547 quam
561 1482 789 1529 hactenus
817 1492 1065 1528 tenuerant
1087 1481 1322 1527 audirent.
1348 1479 1415 1524 Illi
1440 1479 1664 1525 nimirum

249 1560 628 1607 archimandritae
655 1560 725 1605 sui
743 1560 882 1622 jussis
903 1558 1374 1613 obsecundaverunt,
1405 1573 1458 1602 ac
1482 1556 1541 1602 ad
1567 1566 1664 1602 sta-

252 1649 404 1684 tutum
435 1639 688 1684 terminum
721 1655 774 1684 CC
807 1637 987 1701 priores
1006 1637 1284 1682 Cluniacum
1313 1645 1659 1681 convenerunt.

250 1719 301 1761 In
321 1716 396 1762 illa
421 1716 495 1761 die
515 1732 607 1761 Mcc
627 1725 671 1761 et
690 1731 752 1761 ΧΠ
781 1715 941 1760 fratres
960 1714 1024 1760 ibi
1044 1714 1314 1771 adfuerunt,
1349 1712 1664 1758 ecclesiastico

250 1794 341 1839 ritu
369 1803 590 1839 canentes
611 1803 967 1856 processerunt,
997 1802 1056 1850 et,
1079 1808 1187 1837 cum
1203 1790 1494 1853 jocunditate
1510 1790 1666 1835 cordis

253 1870 415 1916 oculos
428 1871 634 1915 levantes
644 1869 702 1915 ad
712 1873 883 1927 Deum,
903 1869 1070 1914 devote
1083 1869 1238 1932 ipsum
1258 1866 1661 1913 collaudaverunt.

252 2086 451 2132 hospitalitc
468 2099 533 2131 que
555 2087 587 2120 la
608 2087 778 2133 premiere
797 2086 879 2128 foi53
900 2085 984 2118 mais
1006 2085 1028 2117 il
1046 2086 1263 2117 mecontenta
1282 2082 1466 2126 beaucoup
1492 2091 1576 2114 cette
1599 2081 1664 2114 ab-

252 2146 341 2191 baye
355 2158 396 2177 en
412 2145 601 2178 accordant
615 2159 681 2178 aux
698 2145 891 2190 propriett's
911 2143 970 2176 ‹lcs
983 2143 1187 2176 Cisterciens
1202 2154 1268 2173 une
1286 2141 1469 2173 immunite
1481 2140 1524 2172 (le
1540 2140 1663 2183 (limes,

254 2210 271 2238 a
291 2206 436 2249 laquelle
463 2205 562 2237 celles
591 2203 633 2237 cle
660 2205 762 2237 Cluui
790 2217 833 2236 ne
853 2204 968 2235 furent
996 2215 1055 2247 pas
1081 2200 1241 2233 adinises.
1263 2201 1292 2232 Il
1319 2200 1451 2233 celebra
1472 2200 1504 2232 la
1532 2201 1597 2232 sete
1621 2199 1665 2232 de

254 2266 386 2310 Paques
405 2268 420 2297 a
440 2266 512 2297 Asti
534 2278 576 2297 en
595 2265 775 2304 Pienwnt,
798 2265 829 2296 le
853 2265 891 2295 10
912 2262 997 2294 aviil
1023 2262 1121 2294 1132.

302 2323 351 2370 (l)
376 2325 422 2357 Ce
440 2325 490 2356 fut
508 2327 524 2356 ἐι
543 2324 637 2366 Pise,
655 2332 685 2356 et
705 2336 777 2356 non
794 2323 894 2368 point
913 2325 929 2353 a
946 2322 1107 2360 AncOne,
1129 2331 1194 2363 que
1213 2319 1241 2351 le
1258 2331 1347 2364 pape
1370 2330 1403 2350 se
1426 2317 1529 2350 retira
1545 2330 1554 2359 3
1580 2317 1665 2351 mais

254 2385 443 2417 seulement
466 2396 508 2416 en
542 2384 627 2416 1133
643 2409 651 2424 ‚
674 2386 773 2428 apres
798 2385 867 2414 ctre
889 2382 985 2413 entre
1014 2383 1030 2412 a
1056 2380 1167 2411 Rome
1185 2406 1193 2417 ,
1211 2387 1295 2411 cette
1314 2380 1429 2410 meme
1446 2378 1574 2416 annee,
1598 2380 1614 2408 a
1632 2376 1663 2409 la

255 2443 304 2476 fin
322 2443 460 2476 (savril.
480 2443 509 2474 Il
529 2455 727 2483 couronna,
746 2441 909 2487 lessjuin,
928 2440 1136 2484 l'empereur
1149 2438 1332 2477 Lemaire,
1352 2436 1412 2481 qui
1429 2437 1459 2469 le
1485 2448 1625 2469 ramena
1645 2438 1662 2468 ἐι

255 2502 365 2535 Rome
385 2515 425 2534 en
451 2503 550 2534 1137.

305 2561 351 2607 (2)Ἰ
367 2562 476 2594 Νοῐτθ
493 2569 614 2593 auteur
634 2573 676 2593 ne
693 2573 782 2593 nous
801 2561 911 2605 parait
928 2571 988 2603 pas
1005 2557 1101 2591 avoir
1119 2558 1169 2590 ete
1186 2557 1339 2602 partisan
1356 2555 1399 2589 (le
1417 2568 1470 2588 ces
1487 2555 1664 2588 austerites

256 2622 448 2665 exaggerem,
467 2619 553 2653 dont
570 2621 600 2652 le
622 2620 725 2652 motif
738 2620 817 2652 etait
836 2617 878 2650 de
893 2618 1047 2650 soutcnir
1062 2618 1091 2649 la
1113 2629 1351 2649 concurrence
1367 2629 1445 2648 sous
1463 2628 1500 2649 ce
1518 2622 1663 2660 rapport

256 2692 339 2712 avec
358 2679 486 2712 l'ordre
503 2678 545 2711 de
560 2680 715 2713 Citeaux.

306 2737 352 2784 (3)
372 2739 418 2771 Le
435 2737 620 2771 dimanche
637 2738 679 2771 20
699 2750 788 2770 mars
811 2740 819 2769 1
834 2736 909 2769 132.
