2081 3408
204 244 300 294 [Oct.
325 241 440 291 1136]
583 243 725 277 LIBER
752 242 954 277 TERTIUS
983 241 1211 280 DECIMUS.
1549 243 1598 278 73

200 332 401 377 heroum
438 347 568 376 more
601 330 820 375 militares
850 329 1115 374 inimicitias
1141 330 1353 376 modeste
1377 330 1599 394 dispone-

200 408 332 464 bant,
354 407 477 452 unde
495 407 734 470 probrosis
759 406 1042 452 facinoribus
1058 406 1231 469 absque
1251 407 1366 452 boni
1385 417 1599 471 respectu

200 501 320 547 pene
343 484 515 541 cuncti,
548 493 597 528 ut
622 484 817 546 opinor,
846 482 1101 528 sordebant
1132 493 1176 528 et
1201 501 1282 546 per
1306 501 1448 530 omne
1472 484 1600 529 nefas

200 562 245 606 in
272 560 441 623 duplex
468 560 803 606 detrimentum
823 597 833 618 ,
863 561 1075 623 corporis
1098 560 1314 606 videlicet
1340 571 1380 606 et
1402 561 1567 607 anima*v
1584 597 1595 619 ,

200 637 505 702 proruebant,
534 641 728 700 Deoque
767 648 812 683 et
847 637 1120 683 hominibus
1154 637 1492 684 abominabiles
1520 655 1600 702 ap-

200 714 444 779 parebant.

271 792 498 837 Plurimos
523 808 680 854 greges
697 801 1019 837 armentorum
1040 802 1085 837 et
1110 791 1346 855 pecudum
1366 801 1600 837 mactave-

201 879 326 927 runt,
351 879 395 914 et
413 868 581 913 crudas
598 869 672 914 vel
696 870 969 914 semicoctas
996 885 1159 914 carnes
1177 869 1275 913 sine
1299 869 1391 913 sale
1414 879 1459 913 et
1483 884 1604 930 pane

203 947 507 992 comederunt
523 965 533 1003 3
553 947 680 991 coria
695 963 807 991 vero
824 945 1037 1008 pluribus
1055 945 1281 990 vehiculis
1302 946 1347 990 in
1362 946 1602 1008 propriam

203 1024 442 1085 regionem
465 1023 643 1069 deterre
668 1023 825 1068 conati
858 1032 983 1067 sunt.
1012 1023 1235 1078 Quamvis
1262 1023 1386 1067 euim
1426 1032 1606 1067 autum-

202 1100 307 1145 nale
338 1111 522 1162 tempus
549 1101 881 1145 alimentorum
904 1100 1053 1162 copiis
1084 1099 1366 1156 abundaret,
1390 1110 1433 1144 et
1464 1099 1605 1144 uber-

203 1187 270 1221 tas
301 1176 553 1239 provinciae.
581 1187 687 1239 post
719 1176 909 1237 longam
941 1191 1106 1238 pacem
1134 1175 1221 1220 sub
1252 1176 1381 1221 bono
1410 1175 1605 1239 patricio

203 1257 367 1302 incolis
379 1257 619 1316 arrideret,
635 1267 677 1303 et
691 1274 882 1302 omnem
897 1257 1081 1318 frugum
1093 1274 1171 1302 seu
1187 1257 1400 1302 carnium
1417 1256 1609 1301 affluen-

204 1335 314 1380 tiam
339 1334 675 1397 suppeditaret,
695 1344 830 1379 tanur
850 1344 1004 1379 tamen
1032 1333 1317 1378 multitudini
1343 1350 1608 1395 coquorum

203 1421 245 1456 et
266 1412 495 1474 pistorum
521 1413 717 1456 servitus
744 1411 920 1469 deerat,
948 1421 993 1456 et
1013 1412 1057 1455 in
1085 1410 1256 1455 bellico
1277 1409 1484 1454 tumultu
1512 1409 1609 1472 plu-

204 1489 433 1534 rimorum
466 1489 637 1552 quibus
668 1489 877 1534 bumana
916 1489 1163 1534 necessitas
1197 1488 1398 1532 maxime
1431 1486 1607 1547 indiget

205 1565 546 1612 administratio
581 1583 677 1611 non
703 1564 996 1628 suppetebat.
1037 1564 1300 1609 Guiribecct
1338 1580 1472 1626 ergo,
1501 1565 1610 1625 quia

207 1642 458 1687 inconditis
508 1652 614 1705 post
661 1641 1114 1687 contaminationem
1160 1656 1398 1685 sacrorum
1445 1639 1612 1684 eduliis

206 1719 573 1782 intemperanter
596 1719 666 1764 usi
686 1728 811 1775 sunt,
836 1719 965 1780 justo
985 1719 1067 1763 Dei
1088 1718 1286 1779 judicio,
1306 1733 1426 1780 pene
1447 1733 1612 1760 omnes

207 1797 379 1841 ventris
410 1797 539 1842 fluxu
575 1806 950 1858 {egrotaverunt,
992 1796 1250 1858 fluentique
1293 1795 1465 1840 diarria
1505 1793 1612 1838 satis

209 1875 332 1919 anxii
354 1874 475 1920 foeda
501 1875 691 1936 vestigia
716 1874 869 1919 obiter
898 1873 1215 1936 reliquerunt,
1245 1888 1449 1934 suosque
1474 1887 1612 1932 repo-

210 1968 336 1996 scere
368 1952 485 1996 lares
509 1951 721 2014 plerique
746 1952 820 1996 vix
848 1960 1120 2014 potuerunt.
1148 1950 1376 2004 Tandem,
1402 1947 1613 1992 kalendis

211 2028 437 2084 octobris,
473 2029 585 2073 dum
627 2029 674 2073 in
716 2045 872 2074 arcem
909 2028 1049 2090 Sappi
1083 2028 1314 2088 impetum
1340 2025 1544 2069 tacerent
1570 2033 1616 2068 et

212 2106 460 2150 munitmes
484 2105 605 2150 illius
631 2105 857 2150 acerrime
878 2107 1163 2161 resisterent,
1191 2101 1432 2147 Josfredus
1456 2117 1615 2145 comes

213 2182 307 2242 pilo
344 2182 388 2225 in
424 2182 545 2245 pede
572 2181 735 2227 dextro
771 2181 950 2225 fortiter
984 2195 1231 2243 percussus
1260 2188 1356 2236 est,
1394 2177 1615 2239 gravique

211 2258 371 2304 laesura
408 2259 539 2322 pedis
574 2276 682 2303 cum
715 2275 909 2303 suorum
941 2257 1077 2302 ruina
1110 2259 1492 2300 Normannorum
1516 2253 1616 2298 ani·

214 2337 476 2381 mositatem
497 2335 835 2398 aliquantulum
855 2344 1072 2397 expertus
1087 2343 1171 2378 est.
1202 2336 1327 2378 Uxor
1345 2342 1503 2378 autem
1518 2331 1617 2392 ejus

214 2414 315 2476 ipso
341 2413 416 2458 die
441 2414 564 2459 circa
589 2429 830 2475 vesperam
857 2412 914 2456 ad
947 2427 1055 2456 eum
1090 2410 1216 2455 venit
1248 2420 1290 2455 et
1319 2409 1465 2454 multa
1490 2407 1617 2452 milia

216 2500 530 2552 pugnatorum
550 2489 718 2534 frustra
734 2505 890 2534 secum
907 2487 1115 2533 adduxit.
1133 2490 1266 2543 Nam,
1285 2487 1438 2549 primo
1460 2501 1614 2543 mane,

216 2565 560 2629 trepidantibus
594 2565 804 2627 undique
836 2563 1026 2620 incolis,
1065 2563 1420 2625 Andegavenses
1459 2561 1617 2606 subito

216 2652 532 2698 recesserunt,
568 2657 742 2703 eosque
788 2657 813 2685 a
861 2639 1032 2701 quibus
1070 2639 1208 2684 nimis
1243 2638 1531 2684 timebantur
1562 2637 1618 2681 ti-

219 2729 415 2777 mentes,
436 2718 736 2782 pertinaciter
756 2716 973 2778 fugerunt
996 2725 1237 2778 totamque
1265 2715 1506 2777 regionem
1524 2723 1619 2759 tam
