2081 3408
460 289 535 325 1026
839 287 1069 324 HISTORIA
1096 287 1479 325 ECCLESIASTICA.
1720 284 1855 337 11141]

458 385 501 420 et
527 372 797 437 parentibus
817 373 909 417 suis
933 374 1171 435 querelam
1194 392 1326 420 snam
1346 374 1655 438 deprompsit,
1683 373 1858 419 slualos

460 459 504 494 et
523 446 830 493 exheredatos
848 447 1059 508 aliosque
1081 448 1252 493 multos
1268 459 1432 494 contra
1453 465 1608 509 regem
1623 448 1856 506 excitavit,

460 541 531 581 ac,
552 532 601 567 ut
624 521 812 567 inclusis
830 521 1077 567 obsidione
1100 523 1446 584 suffragaretur,
1461 525 1580 569 vires
1606 522 1862 568 undecum-

461 617 553 663 que
577 599 780 660 collegit.
809 602 857 644 ln
891 600 1055 662 primis
1086 601 1356 646 Mathildem
1384 602 1748 663 Andegavoruni
1780 618 1861 646 co-

460 679 687 725 mitissam
725 678 935 742 expetiit,
979 678 1204 723 auxilium
1247 678 1306 724 ab
1344 695 1398 724 ea
1439 696 1740 743 summopere
1779 695 1864 742 po-

462 755 628 819 poscit,
657 755 792 817 eique
817 754 1087 800 fidelitatem
1125 754 1412 818 spopondit,
1450 755 1643 817 ejusque
1670 756 1864 816 gratiam

462 849 548 896 pro
583 831 698 877 velle
732 848 817 876 suo
848 831 1130 894 impetravit.
1159 831 1452 893 Conglobata
1476 832 1631 894 itaque
1665 841 1868 877 armato—

462 925 569 953 rum
598 907 916 967 multitudine,
944 907 1040 953 duo
1066 908 1282 954 consules
1301 908 1360 953 ad
1378 907 1675 954 obsidionem
1699 925 1869 972 appro-

465 986 732 1049 piaverunt,
771 996 910 1048 atque
947 985 1006 1032 ad
1030 986 1343 1049 pugnandum
1367 996 1530 1032 contra
1555 996 1869 1049 repugnantes

465 1079 563 1109 sese
588 1072 984 1126 praeparaverunt.
1025 1066 1171 1108 Porro
1199 1063 1371 1109 cotidie
1399 1064 1456 1109 de
1481 1063 1685 1110 adventu
1714 1063 1870 1108 inimi-

468 1156 638 1184 corum
667 1156 882 1185 rumores
905 1139 1100 1186 audiens
1130 1157 1206 1185 rex
1239 1140 1642 1204 parvipendebat,
1680 1156 1767 1185 nec
1791 1156 1872 1185 eos

469 1217 581 1262 tales
618 1234 715 1262 esse
739 1227 787 1262 ut
815 1226 969 1262 tantos
993 1233 1131 1262 ausus
1152 1227 1502 1280 prasumerent,
1524 1216 1763 1276 credebat,
1791 1216 1872 1262 sed

468 1295 573 1339 illos
596 1296 675 1357 qni
699 1296 746 1339 in
772 1311 877 1340 arce
900 1295 1198 1340 clementiani
1223 1296 1320 1357 ejus
1345 1295 1675 1353 obsecrabant,
1707 1294 1874 1357 aptatis

468 1388 735 1435 expugnare
758 1371 986 1418 machinis
1006 1372 1218 1434 cogebat.
1245 1373 1457 1435 Denique
1479 1373 1720 1418 dominico
1745 1386 1874 1416 sexa-

470 1450 678 1510 gesimae,
723 1450 837 1494 dum
886 1466 1016 1495 sacra
1062 1449 1334 1496 solemnitas
1372 1451 1638 1514 Yppapanti
1684 1450 1876 1495 Domini

471 1526 785 1572 celebraretur
818 1526 903 1587 (psl),
938 1536 983 1572 et
1011 1527 1109 1590 ipse
1140 1544 1217 1572 rex
1262 1526 1469 1572 hostium
1498 1527 1752 1591 phalanges
1777 1526 1875 1587 jam

471 1604 632 1650 adesse
663 1605 948 1661 intueretur,
984 1621 1201 1667 proceres
1234 1605 1505 1663 advocavit,
1533 1604 1877 1666 consiliumque

473 1682 585 1745 quid
612 1692 800 1743 agerent
830 1682 890 1727 ab
917 1683 981 1727 eis
1010 1683 1265 1744 inquisivit.
1294 1683 1498 1739 Quidam
1524 1684 1662 1744 igitur
1687 1698 1877 1745 persua-

473 1769 635 1805 serunt
666 1769 713 1804 ut
745 1760 981 1820 ingentem
1008 1759 1227 1804 familiam
1264 1777 1372 1805 cum
1396 1760 1577 1806 devotis
1608 1759 1790 1805 civibus
1819 1758 1878 1804 ad

475 1837 720 1882 tutandam
736 1836 899 1881 urbem
916 1836 1234 1894 constitueret,
1259 1847 1300 1882 et
1318 1838 1415 1900 ipse
1425 1834 1877 1897 adcongregandum

475 1914 728 1958 exercitum
749 1912 808 1958 de
831 1913 1009 1958 cunctis
1036 1913 1206 1973 Anglizc
1227 1913 1499 1974 regionibus
1523 1913 1719 1958 honeste
1737 1911 1881 1957 disce-

475 1990 628 2047 deret,
658 1999 702 2035 et
728 2006 886 2034 rursus
907 2000 1180 2052 opportuno
1205 1999 1433 2053 tempore,
1471 1991 1507 2035 si
1528 1990 1684 2035 hostes
1704 1988 1880 2033 ibidem

476 2067 857 2130 permansissent,
888 2066 945 2112 ad
971 2066 1339 2129 expugnandum
1357 2067 1460 2112 illos
1477 2066 1616 2129 regali
1640 2066 1881 2111 severitate

477 2154 719 2190 remearet.
752 2143 1077 2189 Adnionebant
1097 2145 1238 2190 etiam
1263 2144 1355 2203 alii,
1387 2154 1437 2189 ut
1458 2143 1614 2189 debita
1638 2159 1777 2188 sacrae
1796 2145 1884 2186 Pu-

477 2222 722 2267 riticati011i
748 2231 916 2266 sancta}
940 2221 1022 2266 Dei
1040 2222 1272 2281 genitricis
1298 2221 1450 2266 Mariae
1465 2221 1723 2266 reverentia
1750 2219 1880 2264 exhi-

480 2298 690 2356 beretur,
724 2307 769 2343 et
804 2307 989 2361 tempus
1013 2298 1157 2360 prtclii
1192 2298 1376 2343 nunciis
1413 2297 1539 2361 pacis
1568 2297 1884 2342 intercurren-

481 2375 603 2421 tibus
653 2375 905 2420 commode
960 2376 1298 2438 protelaretur,
1358 2384 1406 2419 ut
1463 2374 1885 2436 procrastinatione

483 2453 754 2514 interposita
785 2462 951 2497 neutra
990 2468 1094 2514 pars
1125 2451 1494 2496 confunderetur
1529 2468 1616 2496 1166
1648 2450 1885 2496 humanus

483 2530 668 2590 sanguis
699 2529 753 2573 ad
783 2528 1038 2573 multorum
1065 2527 1280 2572 dolorem
1307 2527 1884 2573 funderetur.Obstinatus

534 2712 582 2757 (l)
605 2712 656 2743 En
678 2712 689 2742 ’1
705 2712 779 2751 til,
801 2711 829 2741 le
853 2711 872 2742 2
892 2710 1034 2751 l‘‹'’v1‘ier‚
1058 2711 1140 2755 jour
1165 2708 1208 2741 ‹le
1227 2709 1257 2741 la
1287 2709 1514 2742 Purilication
1532 2709 1728 2755 (solemnitas
1750 2712 1885 2755 11)]ψο-

480 2770 603 2819 panti),
622 2770 752 2810 tomba,
773 2782 815 2802 cn
832 2770 927 2813 essct,
943 2770 973 2802 lt·
989 2768 1173 2802 dimanchc
1192 2767 1234 2801 de
1250 2769 1280 2801 la
1297 2769 1522 2814 Sexagesime.
