2081 3408
774 272 1034 308 APPENDIX.
1524 272 1597 308 207

207 375 285 399 ram
310 369 346 398 et
365 361 527 411 quietam
548 370 846 412 perpetuamque
873 363 1139 409 elemosinam,
1163 371 1198 399 ct
1217 362 1265 399 ita
1287 376 1369 400 eam
1390 363 1542 413 pacifice
1565 373 1600 400 et

206 424 332 474 quiete
353 423 399 460 ab
421 424 526 460 omui
549 424 823 461 consuetudine
853 434 887 461 et
920 426 1080 462 servicio
1111 433 1275 470 teneant,
1309 425 1402 461 sicut
1434 439 1599 475 unquam

205 486 340 534 aliquis
359 486 473 523 bomo
498 487 632 524 melius
656 496 692 524 et
723 487 1038 525 honorificentius
1060 488 1106 525 de
1136 501 1195 524 me
1213 488 1332 523 tenuit
1352 487 1410 524 vel
1433 487 1479 524 de
1498 496 1601 525 ante-

203 548 415 585 cessoribus
437 549 541 586 meis.
572 549 743 587 Testibus
772 550 946 588 Johanne
967 551 1135 602 Sagiensi
1165 551 1358 601 episcopo,
1383 550 1531 601 Nigello
1555 550 1600 588 de

205 608 354 646 Albine.
378 610 489 660 Apud
512 611 707 648 Falesiam.

260 672 427 709 Clearcul.
449 676 488 712 S.
511 673 669 722 Ebralfi,
692 683 715 711 t.
739 676 797 721 II,
821 687 860 711 n.
885 676 973 713 679.

811 957 899 997 xlv
929 962 994 1006 (1).

403 1111 549 1140 CHARTA
578 1110 742 1140 HUGONIS
772 1111 1083 1140 ROTHOMAGENSIS
1112 1111 1410 1142 ARCHIEPISCOPI.

853 1223 956 1258 (1132.)

261 1355 372 1403 Hugo
395 1352 463 1389 Dei
487 1352 605 1403 gratia
640 1351 959 1402 Rotliomagensis
989 1352 1310 1404 archiepiscopus,
1339 1355 1480 1392 cunctis
1512 1356 1605 1394 fide—

207 1413 305 1451 libus
326 1423 399 1450 tam
422 1413 660 1464 presentibus
686 1427 799 1463 quam
829 1414 980 1461 futuris,
1000 1415 1168 1453 salutem.
1194 1416 1323 1452 Sciatis
1344 1417 1432 1466 quia
1460 1417 1497 1454 in
1521 1432 1607 1468 pre-

209 1476 334 1513 sencia
360 1484 489 1512 nostra
520 1476 558 1512 in
590 1476 757 1526 capitulo
787 1485 912 1513 sancte
941 1477 1070 1513 matris
1098 1477 1253 1514 ecclesie
1274 1478 1603 1530 Rothomagensis‚

208 1536 313 1574 venit
335 1537 549 1574 willelmus
569 1537 616 1574 de
636 1540 825 1575 Roumare
856 1538 1046 1588 postulans
1068 1547 1109 1575 ut
1128 1552 1280 1576 assensu
1308 1549 1438 1577 nostro
1458 1549 1493 1578 ct
1512 1555 1605 1578 con-

207 1601 378 1638 cessione
407 1601 587 1638 canonica
619 1601 832 1638 firmaretur
861 1602 1134 1638 monachorum
1155 1611 1364 1640 conventus
1383 1603 1421 1640 in
1449 1605 1605 1642 ecclesia

208 1662 328 1700 sancti
348 1663 448 1699 Petri
465 1663 563 1712 apud
580 1671 741 1700 castrum
762 1663 863 1712 quod
881 1663 1017 1700 dicitur
1032 1666 1180 1700 Novum
1196 1667 1400 1701 Mercatum
1424 1679 1604 1716 perman-

213 1739 337 1771 surus,
354 1726 404 1762 ita
418 1724 593 1762 videlicet
609 1725 707 1774 quod
725 1734 760 1762 et
778 1725 880 1775 prior
894 1734 929 1762 et
944 1726 1116 1762 monachi
1133 1726 1289 1772 ibidem,
1304 1730 1384 1764 Dee
1400 1736 1603 1775 annuente,

208 1788 370 1838 suscepti
401 1787 462 1823 vel
495 1786 721 1837 suscipiendi
759 1800 890 1823 omnes
927 1788 1199 1838 professionem
1234 1789 1368 1826 saciant
1401 1789 1527 1827 abbati
1570 1799 1605 1828 et

208 1849 362 1886 abbacie
394 1849 510 1885 sancti
552 1849 709 1886 Eurum,
749 1849 953 1886 Statuimus
991 1859 1114 1886 autem
1130 1879 1139 1895 ,
1186 1850 1415 1887 concedente
1451 1851 1604 1887 domino

209 1911 364 1948 Warino
387 1910 521 1947 abbate
548 1919 583 1947 et
611 1911 803 1947 monacbis
831 1911 946 1947 sancti
970 1911 1113 1948 Ebrulfi
1139 1925 1223 1948 cum
1254 1926 1298 1948 eo
1325 1912 1464 1949 ibidem
1496 1912 1603 1950 nobis

208 1971 465 2010 assistentibus
486 1980 520 2008 et
539 1971 869 2019 confirmantibus,
893 1973 1068 2021 quatinus
1088 1973 1193 2022 prior
1210 1973 1275 2022 qui
1297 1973 1436 2009 ibidem
1461 1974 1603 2024 primus

209 2043 263 2071 est
287 2043 360 2070 tam
391 2047 410 2070 a
435 2033 579 2083 prefato
608 2032 743 2069 abbate
765 2046 877 2081 quam
911 2046 931 2068 a
950 2033 1058 2069 nobis
1087 2035 1309 2070 constitutus
1331 2035 1492 2071 domnus
1516 2038 1602 2071 Hu-

208 2095 336 2133 bertus
368 2094 549 2144 quamdiu
580 2095 716 2131 vixerit
747 2094 952 2144 prioratum
976 2108 1082 2131 suum
1106 2096 1329 2132 inconcusse
1362 2105 1500 2141 teneat,
1532 2096 1603 2133 nisi

211 2158 256 2196 ad
275 2158 508 2194 sublimioria
529 2156 696 2207 regenda
719 2169 804 2192 eum
826 2156 1076 2193 ecclesiastica
1097 2158 1275 2206 quesierit
1298 2159 1518 2202 auctoritas,
1541 2167 1605 2195 aut

210 2221 281 2257 nisi
302 2220 416 2268 (quod
433 2219 623 2265 nolumus)
638 2231 721 2254 eum
743 2218 911 2255 inutilem
934 2219 1140 2267 corporali<
1163 2219 1371 2256 reddiderit
1392 2220 1600 2265 iufirmitas,

210 2291 273 2320 aut
293 2281 406 2331 {quod
430 2294 620 2329 uunquam
645 2281 806 2327 eveniat)
836 2281 1037 2317 enormitas
1072 2280 1145 2317 vite
1172 2295 1257 2318 eum
1280 2282 1450 2318 inutilem
1475 2283 1598 2319 saciat.

213 2345 249 2382 Si
284 2358 375 2380 vero
403 2342 518 2392 (quod
545 2342 653 2389 absit)
687 2343 810 2391 aliqua
844 2342 888 2377 de
922 2342 1095 2391 predictis
1126 2343 1247 2379 causis
1277 2343 1484 2390 emerserit,
1515 2352 1602 2381 tunc

213 2406 326 2442 abbas
348 2407 461 2442 sancti
492 2404 634 2441 Ebrulli
655 2418 738 2441 eum
760 2418 779 2440 a
803 2405 968 2454 prioratu
989 2418 1164 2440 amovere
1190 2405 1338 2454 poterit,
1360 2405 1407 2441 ita
1430 2414 1468 2442 ut
1489 2407 1601 2443 alium

212 2468 249 2504 in
267 2468 448 2517 prioratu,
471 2468 610 2504 sciente
625 2475 659 2503 et
675 2467 904 2503 assenciente
918 2467 1025 2502 castri
1043 2466 1244 2516 supradicti
1265 2467 1446 2517 principe,
1465 2467 1604 2505 hones-

213 2539 290 2567 tum
313 2538 349 2566 et
370 2529 499 2566 utilem
524 2538 651 2579 ponat,
674 2540 716 2564 ea
738 2528 819 2578 lege
839 2541 912 2578 qua
932 2542 1045 2578 supra
1073 2528 1211 2565 dictum
1229 2537 1304 2575 est,
1324 2529 1462 2567 ibidem
1486 2544 1603 2580 usque

262 2715 314 2761 (1)
344 2714 398 2749 Cf.
426 2713 590 2756 Orderic,
612 2714 634 2747 l.
656 2726 724 2756 xi13
747 2713 817 2756 IV,
836 2714 915 2747 485.
