2081 3408
167 287 429 338 [1140-1141]
538 289 679 323 LIBER
706 288 907 325 TERTIUS
937 288 1162 325 DECIMUS.
1475 288 1541 322 131

163 376 295 421 berto
328 377 386 422 de
441 376 676 431 Bellismo,
725 377 804 438 qui
854 376 1158 421 insidiabatur
1215 375 1363 420 itineri
1424 375 1545 436 ejus,

162 452 314 497 subito
354 463 513 515 captus
550 462 637 504 est,
678 469 784 497 cum
813 469 907 514 quo
949 454 1129 498 sirmam
1178 469 1340 515 pacem
1378 451 1552 498 habere

161 527 392 589 sperabat.
432 529 642 589 Denique
681 529 855 573 Britolii
894 545 970 574 sex
1007 529 1244 574 mensibus
1291 529 1337 573 in
1369 544 1552 574 carcere

163 604 266 662 fuit,
294 614 338 649 et
363 606 575 668 praefatus
609 605 764 668 pra’do
798 622 906 650 cum
940 606 1083 650 nimia
1114 604 1359 666 tyrannide
1385 614 1552 650 terram

161 682 257 741 ejus
282 682 454 744 rapinis
484 692 528 727 ct
554 682 780 727 incendiis
811 683 908 727 sine
937 698 1073 727 causa
1097 681 1366 727 devastarit.
1396 684 1556 726 Rotro-

160 773 240 802 cus
264 774 374 818 ergo
393 774 566 817 comes,
582 758 837 803 avunculus
857 758 970 819 ejus,
985 758 1042 803 de
1066 768 1190 803 tanta
1211 757 1336 803 rabie
1353 757 1552 803 multum

160 834 334 891 doluit,
373 846 418 880 et
461 846 682 898 nepotem
718 852 853 880 suum
898 834 956 880 de
991 834 1188 880 vinculis
1230 845 1275 880 et
1322 834 1553 880 honorem

160 912 256 972 ejus
286 912 345 956 ab
384 912 583 956 inimicis
615 928 777 957 eruere
805 911 1096 973 concupivit,
1128 911 1329 973 ideoque
1352 927 1459 956 cum
1482 927 1554 956 ar—

162 988 295 1032 matis
324 986 591 1048 frequenter
619 986 860 1049 explorare
885 1001 1108 1030 occursus
1132 986 1229 1047 ejus
1257 1003 1556 1048 summopere

160 1064 351 1108 curavit.
371 1064 593 1119 Tandem,
612 1064 657 1107 in
681 1061 773 1107 fine
789 1061 1010 1120 octobris,
1031 1062 1218 1107 volente
1240 1065 1356 1120 Deo,
1375 1062 1556 1124 praedo-

160 1138 297 1183 nibus
311 1155 417 1184 cum
433 1138 584 1184 valida
605 1154 745 1182 manu
770 1138 988 1183 occurrit.
1016 1137 1303 1182 Rodbertum
1328 1147 1371 1182 et
1393 1139 1558 1184 Mauri-

160 1215 308 1271 cium‚
340 1215 526 1260 fratrem
556 1215 680 1276 ejus,
717 1215 926 1275 aliosque
963 1213 1119 1277 plures
1163 1212 1552 1276 comprehendit3

158 1290 326 1352 quibus
357 1290 477 1343 (lire,
505 1301 555 1336 ut
574 1291 751 1352 justum
779 1300 869 1347 est,
900 1290 1215 1343 incarceratis,
1244 1305 1463 1350 magnam
1492 1305 1561 1333 se-

158 1367 401 1412 curitatem
451 1368 665 1412 innocuis
708 1365 988 1430 pagensibus
1037 1366 1250 1411 contulit.
1298 1369 1348 1411 In
1401 1364 1557 1410 medio

161 1442 546 1505 quadragesimae(
560 1448 568 1489 1
584 1446 619 1505 ’),
640 1444 874 1507 principes
899 1443 1146 1504 regionum
1167 1442 1427 1488 Moritoniae
1447 1457 1562 1486 con·

161 1529 386 1564 venerunt
404 1530 447 1565 et
469 1520 762 1582 colloquium
783 1520 841 1565 de
861 1520 1057 1581 negotiis
1081 1520 1145 1564 rei
1166 1518 1364 1581 publicae
1382 1517 1559 1563 babue-

158 1606 281 1641 runt.
322 1596 390 1641 lbi
432 1599 565 1658 Hugo
609 1597 960 1659 Rotomagensis
996 1595 1377 1658 archiepiscopus
1421 1604 1560 1657 atque

158 1674 416 1717 Normanni
450 1673 740 1719 Tedhaldum
779 1674 1001 1719 comitem
1025 1676 1093 1734 (2)
1135 1673 1373 1728 adierunt,
1421 1673 1559 1734 eique

158 1764 351 1810 regnum
384 1749 555 1811 Angliae
599 1759 642 1795 et
677 1750 900 1795 ducatum
931 1750 1228 1795 Normanniae
1264 1748 1555 1794 obtulerunt.

158 1824 236 1869 llle
254 1842 365 1870 vero
384 1835 635 1883 tantarum,
652 1836 701 1871 ut
719 1826 926 1889 prudens
948 1836 991 1871 et
1009 1825 1266 1886 religiosus,
1282 1825 1559 1888 praegravari

159 1917 375 1946 curarum
400 1903 610 1964 pondere
634 1902 870 1960 refutavit,
895 1903 975 1948 sed
1001 1902 1233 1960 Josfredo⁷
1260 1902 1447 1947 lIenrici
1486 1917 1558 1945 re-

159 1977 224 2035 gis
248 1993 439 2037 genero,
466 1978 750 2040 interpositis
779 1978 1062 2039 quibusdam
1087 1977 1463 2033 conditionibus,
1486 1993 1556 2022 re-

160 2052 285 2112 gium
302 2053 378 2113 jus
395 2054 623 2098 concessit
644 2090 654 2109 ,
681 2054 742 2098 ita
768 2053 982 2098 videlicet
1004 2053 1347 2098 ut'l‘uronicam
1365 2051 1552 2109 urbem,

159 2144 261 2188 qua*r
296 2128 354 2174 de
391 2129 530 2174 feudo
566 2130 664 2189 ejus
703 2139 824 2187 erat,
863 2129 948 2174 sibi
980 2129 1249 2187 dimitteret,
1271 2129 1556 2190 fratremque

159 2222 296 2250 suum
343 2206 632 2269 Stephanum
671 2222 824 2268 regem
863 2205 920 2250 de
958 2205 1153 2250 vinculis
1193 2204 1476 2263 absolveret,
1511 2215 1556 2250 et

160 2282 404 2342 pristinum
436 2282 690 2340 honorem,
719 2298 859 2343 quem
885 2282 1069 2327 vivente
1093 2281 1324 2326 avunculo
1354 2298 1439 2326 suo
1468 2281 1548 2327 ha·

160 2356 347 2415 huerat‚
372 2358 457 2420 ipsi
482 2367 527 2403 et
551 2357 711 2403 heredi
735 2358 831 2419 ejus
856 2374 910 2402 ex
937 2358 1117 2416 integro
1141 2357 1416 2402 restitueret.

223 2436 350 2479 Tunc
387 2433 648 2479 Rodbertus
672 2433 988 2495 Legrecestriae
1023 2449 1179 2477 coznes
1204 2449 1312 2478 cum
1349 2435 1550 2478 Rotroco

162 2510 308 2555 foedus
330 2511 449 2568 iniit,
474 2521 518 2556 et
542 2510 806 2556 Richerium
830 2511 888 2555 de
907 2509 1086 2571 Aquila,
1115 2519 1276 2570 rogatu
1303 2509 1551 2554 consulum

209 2688 258 2729 (13
282 2687 368 2720 Vers
386 2688 415 2719 le
432 2689 452 2720 9
478 2699 566 2720 mars
590 2688 688 2720 1141.

211 2745 257 2789 (2)
280 2745 438 2779 Thibaud
462 2747 524 2786 IV,
544 2753 654 2779 comte
674 2744 715 2777 de
732 2745 836 2778 Bloisr
