2081 3408
448 282 466 318 1
476 281 525 317 82
1015 276 1279 313 APPENDIX.

450 364 700 417 interrogavit
743 362 828 413 quis
860 370 957 400 esset
994 364 1055 401 vel
1086 377 1162 413 quo
1201 364 1393 411 tenderet3
1438 372 1529 415 puto
1566 363 1667 413 quod
1712 363 1851 401 virtute

453 428 674 468 sanctissimi
690 426 763 463 viri
782 438 869 462 eum
889 424 1020 463 videre
1039 426 1304 475 nequiverunt.
1325 427 1431 464 Circa
1450 435 1591 464 sextam
1612 440 1704 463 vero
1718 426 1850 463 horam

452 491 657 542 respiciens
677 496 765 538 post
784 500 844 534 se,
872 486 966 523 vidit
1001 487 1157 523 militem
1180 488 1243 536 qui
1272 501 1357 525 eum
1387 496 1538 538 ceperat
1563 487 1709 524 concito
1739 500 1852 524 cursu

451 552 682 590 venientem.
713 549 807 596 Qui,
840 561 979 599 magno
1004 548 1138 585 timore
1166 549 1381 598 perculsus,
1410 550 1506 586 inter
1530 551 1687 586 fructeta
1710 562 1783 599 que
1814 561 1852 585 se

452 613 572 651 oculis
605 612 685 659 ejus
719 610 939 647 obtulerunt
969 618 1086 647 semet
1119 610 1307 656 occuluit,
1330 624 1490 660 cumque
1523 612 1712 662 predictus
1747 612 1853 648 miles

452 687 572 726 prope
594 673 757 711 eundem
777 673 901 709 locum
916 671 1150 718 advenisset,
1166 671 1421 723 interrogabat
1436 672 1617 710 bubulcos
1632 674 1694 723 qui
1714 673 1852 709 ibidem

452 735 610 774 arabant
640 735 670 772 si
706 734 899 771 hominem
932 733 1134 784 quemdam
1168 733 1373 785 fugientem
1410 735 1607 781 vidissent,
1634 735 1855 784 promittens

455 807 529 836 tres
561 797 701 835 solidos
736 797 790 833 illi
822 796 963 846 absque
992 809 1097 833 mora
1124 809 1162 833 se
1187 796 1364 833 daturum
1393 796 1457 846 qui
1489 797 1521 833 ei
1543 796 1783 834 insinuasset.
1808 801 1855 834 At

454 860 530 908 illi,
554 860 623 896 Dei
649 860 782 896 timore
803 858 1010 904 admoniti,
1033 858 1205 908 quamvis
1225 858 1332 895 illum
1356 858 1531 904 scissent,
1554 869 1789 909 negaverunt
1819 872 1856 895 se

454 921 549 958 scire
564 950 573 967 ‚
595 933 757 970 cumque
778 919 841 956 ille
863 920 1075 956 recessisset
1094 919 1140 956 de
1161 919 1242 956 loco
1263 920 1300 956 in
1321 933 1397 969 quo
1421 933 1459 956 se
1480 920 1712 965 occuluerat,
1734 920 1857 970 capti-

456 997 525 1021 vus
545 983 731 1029 surrexit,
746 992 804 1029 et,
825 983 942 1019 fretus
962 983 1030 1019 Dei
1044 981 1233 1029 adjutorio
1249 991 1284 1019 et
1303 982 1401 1019 beati
1418 982 1560 1019 Ebrulfi
1575 1012 1583 1028 ‚
1599 982 1797 1019 incolumis
1812 983 1858 1019 ad

455 1060 523 1084 sua
543 1045 741 1091 remeavit,
761 1044 970 1095 perdurans
991 1044 1028 1080 in
1048 1057 1207 1094 corpore
1228 1058 1346 1093 usque
1365 1044 1412 1081 ad
1433 1053 1560 1081 nostra
1579 1053 1761 1094 tempora.
1780 1047 1860 1082 Hoc

455 1122 547 1145 vero
567 1107 669 1158 quod
696 1107 913 1153 retulimus,
935 1119 981 1144 ex
1002 1106 1119 1157 ipsius
1142 1120 1207 1143 ore
1238 1107 1451 1151 didicimus,
1477 1107 1602 1156 eique,
1625 1107 1713 1156 quia
1733 1107 1861 1158 legiti-

457 1184 540 1208 mus
561 1179 598 1208 et
616 1169 815 1208 laudabilis
835 1169 911 1206 vite
941 1177 1019 1216 est,
1048 1170 1127 1207 Sine
1155 1170 1333 1220 scrupulo
1354 1170 1555 1208 credimus.

514 1236 577 1270 Ex
601 1234 680 1269 cod.
705 1235 771 1269 lat.
795 1233 896 1268 ’1864
920 1231 1020 1269 Bibl.
1048 1236 1136 1282 imp.
1152 1262 1161 1279 ‚
1183 1234 1251 1281 sol.
1278 1235 1369 1279 191,
1397 1233 1452 1268 acl
1474 1235 1608 1268 calcem
1638 1232 1714 1268 vitat
1745 1236 1863 1267 sancti

461 1296 619 1347 Ebrulfi.

1132 1507 1196 1548 v1.

640 1660 810 1691 ROTULUS
847 1661 984 1691 PRIMUS
1012 1661 1240 1691 MONASTERII
1269 1661 1401 1691 SANCTI
1430 1661 1587 1692 EBRULFI
1619 1654 1687 1700 (1).

1011 1778 1102 1811 (Saec.
1123 1778 1157 1804 xt
1177 1778 1326 1812 exeunte.)

519 1902 549 1936 1.
574 1901 626 1947 (9.)
646 1901 756 1935 Anno
773 1898 820 1936 ab
843 1898 1103 1936 incarnatione
1123 1899 1276 1935 Domini
1299 1898 1500 1935 millesimo
1519 1898 1764 1949 nonagesimo
1794 1909 1870 1937 ter-

466 1961 540 2007 cio,
555 1961 647 1997 seria
667 1969 771 1997 sexta
787 1970 872 1997 ante
893 1960 1083 1997 dominico
1106 1961 1220 1997 ramis
1245 1961 1474 2010 palmarum,
1499 1968 1666 2010 tempore
1688 1961 1870 1999 Rodberti

467 2023 627 2067 comitis,
645 2023 823 2059 Willelmi
843 2023 941 2073 regis
960 2023 1173 2074 Anglorum
1192 2023 1271 2068 filii,
1290 2022 1475 2059 Ricardus
1495 2022 1592 2059 filius
1607 2022 1785 2060 Willelmi
1801 2024 1871 2061 de-

467 2085 551 2121 cani
572 2084 619 2121 de
641 2085 822 2131 Guaceio,
846 2099 915 2135 per
933 2085 1189 2122 infirmitatem
1208 2084 1396 2135 quandam
1419 2098 1529 2134 quam
1552 2083 1697 2134 habuit,
1717 2086 1873 2135 requisi-

468 2146 523 2183 vit
541 2146 588 2184 ab
602 2147 738 2184 abbate
755 2148 920 2199 Rogerio
933 2177 942 2193 ‚
963 2148 1028 2197 qui
1048 2156 1132 2198 post
1151 2147 1322 2184 abbatem
1345 2147 1539 2185 Serlonem
1559 2147 1654 2183 rexit
1674 2147 1870 2197 ecclesiam

467 2210 585 2246 sancti
603 2210 746 2247 Ebrulfi
758 2240 767 2257 ‚
788 2220 824 2247 et
841 2224 863 2247 a
879 2210 1012 2247 ceteris
1030 2210 1225 2247 monachis
1239 2209 1409 2257 ejusdem
1426 2208 1599 2247 coenobii
1619 2218 1659 2245 ut
1673 2210 1871 2246 monachi-

465 2285 551 2308 cum
569 2272 741 2310 habitum
761 2273 816 2310 illi
837 2273 986 2313 darent.
1003 2273 1075 2321 Qui
1090 2272 1220 2320 abbas,
1237 2286 1305 2323 per
1324 2272 1523 2309 eonsilium
1543 2272 1847 2323 congregationis
1859 2302 1869 2319 ‚

745 2419 811 2424 ,ἡ
1850 2416 1870 2424 o

515 2522 562 2569 (1)
590 2524 636 2557 Cc
659 2525 731 2558 τὸὶθ
753 2538 841 2559 nous
859 2539 877 2560 a
897 2528 949 2560 ete
972 2526 1218 2572 communique
1241 2539 1305 2573 pai·
1328 2527 1378 2560 M.
1404 2527 1523 2559 Boull‹'=
1537 2552 1545 2567 ‚
1568 2527 1659 2559 cleve
1683 2525 1725 2558 de
1744 2518 1872 2559 l'l‘sscole

466 2579 525 2613 des
543 2580 704 2622 Chanes,
722 2582 780 2625 qui
799 2583 841 2615 l'a
861 2586 982 2616 trouve
1000 2596 1041 2616 cn
1065 2584 1151 2616 1833
1167 2586 1183 2616 a
1202 2583 1314 2624 Paris,
1334 2583 1415 2615 chez
1440 2595 1487 2615 un
1512 2581 1704 2616 marchand
1729 2580 1771 2614 dc
1793 2594 1873 2626 par-

471 2636 640 2670 dioniius.

519 2692 563 2740 (ρ)
593 2696 612 2726 8
631 2692 716 2726 avrti
741 2693 839 2728 1093.
