2081 3408
734 247 994 282 APPENDIX.
1483 251 1558 287 193

163 326 270 365 berto
289 329 510 380 hospitari0‚
532 329 713 367 Rotberto
735 331 913 380 Angue-03
945 345 990 368 ex
1012 346 1077 369 sua
1104 341 1209 383 parte
1230 347 1237 368 t
1262 333 1463 370 Vuillelmo
1484 334 1561 371 filio

163 390 346 428 Rainaldi.

214 450 366 485 Terram
387 448 497 485 etiam
522 450 743 487 Anscbetilli
768 452 833 488 filii
852 452 1032 489 Primoidi
1057 453 1262 490 invadiavit
1291 454 1388 491 idem
1419 454 1562 492 Rodul-

162 508 219 545 sus
248 511 470 560 supradictis
503 512 694 549 monachis
717 526 834 562 usque
856 514 903 550 ad
923 529 977 550 vn
999 527 1116 550 anuas
1135 529 1202 565 per
1222 529 1270 551 xx
1287 516 1426 553 solidos
1447 530 1562 553 ceno-

160 572 395 609 manensium
424 581 459 609 et
486 577 533 608 11¹³
560 576 879 625 rotomagensium
906 590 926 612 a
960 576 1157 613 festivitate
1189 578 1306 614 sancti
1326 578 1486 629 Remigii
1511 579 1562 615 ita

161 641 221 678 ut,
247 634 275 669 si
298 634 336 670 in
361 634 421 672 die
443 635 653 672 festivitatis
672 638 886 686 supradicte
907 637 997 673 vumi
1019 639 1106 675 anni
1128 639 1337 676 reddiderit
1362 640 1561 690 pecuniam

158 692 285 738 istam,
310 696 464 745 recipiet
494 710 597 733 suam
621 706 779 745 terram;
812 700 841 735 si
868 713 965 746 non,
998 713 1101 736 more
1129 701 1332 750 supradicti
1354 701 1561 738 vadimonii

161 755 341 792 tenebunt
357 765 491 794 terram
512 768 747 809 quoatusque
762 760 894 796 reddat
913 761 1123 810 pecuniam.
1140 764 1265 798 Testes
1286 775 1331 799 ex
1347 776 1413 799 sua
1428 771 1533 812 parte
1551 777 1558 799 :

158 818 344 855 Rodulsus
365 820 547 867 Blundus,
570 822 684 858 Fulco
706 823 802 859 iilius
820 822 914 869 ejus,
929 824 1159 860 Vuarnerius
1175 825 1304 869 Gruel,
1322 823 1560 876 Rain[aldus]

159 879 205 916 de
221 881 388 927 FaveriZ,
407 883 542 929 Mozol,
564 884 740 920 Giroldus
762 897 877 933 gener
895 884 1117 933 presbiteri;
1140 898 1185 921 ex
1206 895 1352 923 nostra:
1372 889 1560 932 Heweus,

159 941 366 990 Osbernus,
388 944 484 989 Odo,
509 945 728 991 Gervasius,
748 948 943 982 Tancreas.

210 1005 387 1041 W'arinus
418 1005 627 1042 Trebusiun
662 1006 764 1042 dedit
797 1006 990 1043 monachis
1024 1007 1141 1042 sancti
1184 1006 1327 1044 Ebrulfi
1363 1007 1560 1046 dimidium

157 1073 279 1101 ortum
302 1074 399 1103 terre
420 1067 530 1103 situm
550 1080 655 1104 secus
676 1068 909 1104 viridiarium
934 1067 1140 1104 eorundem
1164 1069 1451 1114 monachorum,
1470 1084 1564 1107 con-

158 1126 377 1164 cedentibus
410 1128 493 1164 [iliis
525 1129 664 1178 ipsius,
688 1128 860 1178 misitque
883 1142 996 1178 super
1023 1129 1154 1167 altare.
1186 1129 1298 1166 Dedit
1326 1143 1418 1167 vero
1439 1132 1562 1169 eidem

156 1189 194 1225 in
216 1189 368 1226 caritate
391 1189 573 1226 Ricardus
595 1189 799 1226 monachus
814 1203 929 1227 unam
945 1190 1084 1226 minam
1101 1203 1236 1227 avene.
1254 1194 1361 1228 Teste
1375 1193 1561 1241 Osberno,

156 1251 318 1287 Unfrido
338 1252 520 1301 portario.

207 1315 345 1349 XLIII.
379 1316 563 1364 Tempore
587 1313 717 1350 domni
737 1317 782 1351 R.
815 1313 979 1359 abbatis,
1011 1314 1190 1351 Albertus
1222 1315 1380 1352 Murdac
1401 1316 1447 1353 de
1466 1318 1563 1354 Bac-

155 1375 334 1413 chenceio
370 1377 474 1413 venit
504 1377 541 1412 in
571 1377 817 1426 capitularem
850 1376 1005 1412 domum
1047 1377 1162 1412 sancti
1195 1376 1339 1414 Ebrulfi
1373 1388 1410 1415 et
1438 1378 1563 1416 eidem

154 1445 281 1474 sancto
308 1437 577 1486 monachisque
603 1437 679 1474 suis
700 1436 751 1474 ibi
775 1440 855 1474 Deo
878 1436 1127 1474 servientibus
1151 1437 1243 1474 duas
1271 1448 1394 1488 partes
1417 1439 1563 1491 decime

155 1512 221 1549 sue
236 1529 244 1545 ,
267 1500 406 1537 scilieet
433 1508 527 1537 totas
547 1500 639 1537 duas
663 1500 796 1550 garbas
817 1499 1048 1550 hereditarie
1072 1508 1109 1536 et
1137 1500 1262 1549 quiete
1290 1501 1413 1548 dedit,
1442 1515 1563 1539 uxore

153 1574 220 1598 sua
235 1562 395 1599 libenter
408 1562 638 1599 concedente
652 1571 687 1600 et
699 1562 809 1599 unica
823 1575 889 1599 sua
904 1562 992 1598 fitia.
1009 1563 1082 1598 Pro
1097 1562 1203 1608 cujus
1218 1563 1272 1599 rei
1286 1564 1560 1614 recognitione,

153 1623 192 1660 in
218 1624 371 1662 caritate
399 1624 469 1661 xxti
499 1624 638 1662 solidos
669 1624 913 1661 denariorum
945 1623 1089 1662 habuit.
1121 1623 1178 1660 Ob
1200 1624 1271 1661 hoc
1300 1626 1451 1676 utrique
1475 1640 1563 1677 pre-

153 1685 217 1722 sati
246 1687 435 1724 orationes
471 1696 583 1737 atque
615 1686 840 1724 beneficium
869 1686 987 1737 ipsius
1009 1687 1080 1723 loci
1104 1700 1189 1723 cum
1216 1679 1356 1738 gaudio
1382 1701 1562 1738 suscepe-

154 1756 251 1784 runt.
277 1750 362 1798 Ipse
385 1758 510 1786 autem
532 1748 709 1786 Albertus
731 1762 777 1785 ex
797 1756 898 1794 toto,
921 1748 1060 1785 scilicet
1089 1748 1135 1785 de
1161 1763 1321 1799 corpore
1354 1758 1390 1787 et
1420 1750 1560 1797 anima,

153 1809 367 1846 societatem
389 1811 500 1858 hujus
530 1809 677 1847 cenobii
697 1810 856 1859 accepit,
874 1823 958 1846 cum
982 1809 1157 1846 omnibus
1176 1809 1290 1847 rebus
1307 1810 1384 1847 suis
1404 1811 1442 1847 in
1468 1811 1557 1849 fine.

152 1873 196 1907 Et
211 1871 256 1908 de
276 1872 448 1910 omnibus
464 1873 522 1909 his
534 1872 773 1909 donationem
789 1880 824 1908 et
838 1872 1116 1908 concessionem
1132 1885 1199 1922 per
1216 1872 1405 1921 quendam
1422 1872 1560 1909 librum

153 1934 277 1983 posuit
302 1947 416 1984 super
438 1935 567 1971 altare.
591 1937 645 1970 Ex
666 1947 732 1970 sua
760 1942 864 1983 parte
886 1941 996 1970 testes·
1029 1942 1114 1970 sunt
1147 1936 1276 1982 Drogo
1306 1932 1481 1970 sacerdos
1514 1934 1561 1971 de

152 1995 256 2032 Valle
277 2004 312 2032 et
333 1995 429 2032 filius
451 1997 530 2042 ejus
552 1995 766 2041 Baldricus3
789 2007 836 2031 ex
858 2002 984 2030 nostra
1007 2007 1099 2031 vero
1117 2008 1124 2029 2
1147 1993 1363 2030 Rodbertus
1384 1993 1430 2029 ‹le
1450 1995 1560 2030 War-

151 2056 328 2101 lenvilla‚
361 2056 575 2093 Rodbertus
607 2055 792 2105 presbiter
823 2055 921 2091 filius
949 2055 1036 2091 Plus
1065 2054 1189 2101 belle,
1219 2054 1359 2091 Aschet
1388 2053 1437 2091 de
1459 2056 1558 2092 Ver-

150 2118 294 2163 nuciis,
326 2117 511 2155 Rodulsus
533 2120 734 2163 Cornutus,
760 2116 972 2153 Richerius.

201 2182 334 2217 XLIV.
366 2183 504 2216 Notum
527 2180 571 2216 sit
591 2178 766 2215 omnibus
797 2176 1035 2227 presentibus
1058 2190 1100 2213 ac
1124 2176 1259 2213 futuris
1282 2175 1384 2226 quod
1409 2179 1555 2215 Sanson

150 2243 197 2280 de
217 2243 347 2280 Cuelet
369 2255 499 2279 omnes
518 2242 600 2278 illas
624 2254 696 2287 res,
717 2240 857 2278 scilicet
873 2239 1053 2285 decimas,
1076 2247 1206 2283 terras,
1232 2247 1338 2288 prata
1358 2247 1394 2275 et
1409 2239 1438 2275 si
1454 2239 1557 2276 aliud

151 2318 265 2355 super
285 2313 339 2342 est
359 2308 439 2341 Deo
462 2317 504 2341 ac
527 2312 653 2340 sancto
675 2302 832 2339 Ebrulfo
853 2302 1050 2347 concessit,
1070 2313 1162 2349 quas
1182 2300 1348 2350 prefatus
1368 2301 1559 2339 consessor

151 2375 187 2404 et
211 2367 269 2404 sui
298 2366 471 2403 monachi
498 2365 545 2402 ab
565 2364 868 2402 antecessoribus
891 2363 1008 2413 ipsius
1040 2362 1218 2399 Sansonis
1248 2370 1460 2399 tenuerant.
1498 2363 1557 2400 Ad

148 2429 254 2476 cujus
283 2428 532 2466 concessionis
553 2427 870 2479 recognitionem,
894 2424 1083 2475 quendam
1106 2438 1245 2474 equum
1266 2423 1418 2471 habuit,
1443 2438 1556 2475 quem

150 2490 255 2528 dedit
269 2491 302 2527 ei
319 2490 479 2527 domnus
498 2489 684 2527 Ernaldus
702 2488 747 2525 de
764 2488 912 2533 Teillol,
932 2486 1039 2533 jussu
1060 2486 1188 2522 domni
1201 2489 1244 2524 R.
1264 2485 1424 2531 abbatis,
1443 2495 1556 2537 atque

151 2567 197 2590 ex
218 2561 295 2590 toto
331 2552 376 2589 de
408 2565 567 2602 corpore
590 2561 625 2589 et
657 2551 784 2588 anima
804 2550 892 2586 huic
923 2549 1006 2586 loco
1039 2561 1077 2586 se
1106 2547 1313 2585 certissime
1338 2546 1442 2585 dedit
1467 2562 1554 2586 cum

151 2623 226 2652 tota
254 2614 489 2666 possessione
520 2627 587 2651 sua
618 2613 655 2650 in
685 2612 791 2650 obitu
823 2625 904 2649 suo.
941 2609 1051 2658 Quod
1076 2609 1212 2648 sactum
1248 2619 1303 2648 est
1333 2609 1371 2647 in
1391 2623 1556 2662 grangea

150 2676 329 2716 Willelmi
360 2675 558 2728 prepositi.
581 2678 637 2713 Ex
660 2688 728 2713 sua
757 2684 863 2726 parte
886 2681 1015 2712 assunt
1042 2681 1152 2711 testes
1174 2672 1411 2719 Gualterius,
1433 2673 1556 2711 Gisle-

362 2761 387 2786 γ
1291 2745 1339 2780 13
