2081 3408
630 320 722 355 SUR
751 318 966 355 ORDERIC
991 318 1152 353 VITAL.
1561 332 1596 354 (τι

188 412 283 458 quod
300 421 468 445 cassatum
486 412 596 445 fuerat
614 413 786 458 alligab03
805 412 901 458 quod
920 413 1099 446 infirmum
1117 412 1344 446 consolidabo
1360 428 1368 456 3
1391 413 1487 459 quod
1510 415 1598 448 forte

190 470 394 505 custodiam.
418 485 433 503 >³
451 473 491 504 In
504 472 570 505 hoc
582 472 685 517 igitur
699 472 804 517 (quod
817 473 950 506 medius
968 472 1069 506 fidius
1089 473 1306 506 reticendum
1323 486 1395 506 non
1413 472 1472 519 est)
1487 474 1587 520 singu

190 532 287 564 larea
301 531 426 564 nostris
437 531 497 564 tibi
512 531 655 564 debetur
671 532 895 577 preconium:
921 541 955 565 ut
974 541 1054 577 pot«¹
1069 532 1126 577 qui
1140 559 1148 573 ,
1165 541 1279 578 sparta
1293 533 1507 578 generosior,
1528 546 1599 567 non

190 591 379 624 cucullatus
390 603 452 624 nec
464 591 659 624 monasticis
673 592 754 624 loris
766 591 959 632 devinctus,
973 592 1062 625 hanc
1074 601 1187 624 tamen
1203 600 1235 624 te
1246 591 1288 624 de
1300 592 1475 638 religionis
1487 602 1604 627 nostre

189 650 344 684 custodia
365 650 586 683 instauranda
614 663 731 684 curam
754 664 870 696 gerere
894 652 1062 693 retexisti,
1088 660 1124 684 ut
1146 651 1236 684 illius
1257 652 1397 684 nomine
1421 654 1602 697 complura

189 723 207 742 a
221 710 420 742 necessariis
436 718 467 742 et
486 708 684 742 domesticis
701 722 823 755 perosa
844 710 904 742 tibi
923 711 1051 743 fuerint
1071 709 1251 743 subeunda
1263 711 1465 746 certamina.
1481 712 1600 746 Gratia

188 770 337 816 proinde
351 771 499 816 benigne
514 771 576 803 Dei
588 770 818 816 providentie,
833 783 900 815 que
917 781 948 804 te
966 772 1078 813 nobis,
1094 771 1207 803 virum
1224 779 1318 804 tanta
1337 772 1602 806 mansuetudine

189 828 406 871 delibutum,
433 829 599 871 donavit,
623 830 682 874 qui
701 842 916 874 nequaquam
932 829 985 874 (ut
1004 830 1109 863 moris
1133 839 1179 863 est
1204 830 1408 873 multorum)
1425 830 1460 863 in
1478 831 1599 876 spiritu

189 888 385 920 vehementi
406 897 601 921 contereres
617 901 720 921 naves
737 888 890 927 Tharsis,
908 888 992 931 quin
1009 889 1130 928 immo,
1151 889 1227 920 oleo
1244 888 1450 932 tranquilior
1465 889 1600 922 mitior-

189 959 255 991 que
271 947 445 988 columba,
469 946 626 979 modesto
641 948 712 980 zelo
730 947 900 992 perfusus,
914 958 979 990 que
992 946 1180 979 anteriores
1198 947 1262 988 tui,
1281 956 1337 979 aut
1355 947 1493 993 torpida
1508 947 1602 992 igna-

189 1006 242 1038 via
269 1015 325 1039 aut
346 1006 538 1038 remissiore
555 1005 785 1051 indulgentia,
810 1013 889 1037 sunt
915 1005 1002 1049 passi
1020 1017 1196 1046 corruere,
1220 1006 1370 1051 benigna
1388 1006 1449 1040 ista
1466 1007 1601 1040 solertia

188 1064 371 1109 pristinum
381 1063 425 1096 ad
436 1072 572 1105 statum,
586 1072 752 1108 quantum
767 1063 801 1095 in
813 1072 844 1096 te
855 1072 916 1104 est,
929 1063 1178 1096 reducerentur
1188 1066 1408 1109 procurares!
1424 1067 1602 1100 Postremo

190 1132 299 1156 totum
327 1122 412 1154 illud
439 1122 486 1166 (ut
514 1122 706 1155 institutum
731 1121 938 1167 repetamus)
963 1123 1207 1168 propheticum
1239 1124 1390 1169 elogium
1417 1124 1452 1156 in
1478 1126 1602 1170 prefati

190 1183 296 1228 patris
309 1170 473 1215 chronica
490 1191 653 1215 executus
667 1195 700 1215 es
718 1210 727 1226 ,
746 1183 1013 1228 cujusprofecto
1025 1184 1175 1216 calamus
1192 1192 1228 1216 ut
1247 1192 1394 1217 cassatus
1409 1193 1440 1217 et
1458 1184 1601 1217 obtusus

188 1251 235 1274 est
263 1240 465 1281 habendus,
488 1240 659 1286 quamdiu
686 1242 812 1287 scripta
841 1254 900 1274 sua
919 1255 938 1274 a
958 1242 1079 1287 paucis
1104 1243 1267 1288 leguntur
1289 1243 1358 1285 vel,
1380 1256 1450 1288 quo
1474 1243 1599 1276 rectius

189 1299 323 1343 loquar,
345 1299 408 1344 legi
424 1308 568 1345 possunt
585 1326 591 1339 ‚
614 1308 651 1332 ut
670 1308 751 1346 pote
770 1300 1002 1333 caracteribus
1021 1313 1145 1345 magna
1161 1313 1202 1333 ex
1224 1309 1321 1346 parte
1343 1301 1549 1334 oblitteratis
1569 1311 1599 1335 et

188 1370 251 1403 pre
269 1366 432 1391 vetustate
446 1359 517 1404 jam
538 1371 627 1404 pene
645 1359 791 1391 omnino
810 1358 942 1394 deletis.
967 1360 1139 1401 Quocirca
1163 1360 1301 1393 obnixis
1318 1361 1480 1406 precibus
1505 1374 1600 1394 com-

190 1418 304 1462 plures
330 1417 381 1449 bis
409 1430 448 1450 ac
476 1425 545 1458 ter,
576 1417 673 1462 quod
700 1418 888 1463 pulchrum
914 1427 961 1451 est
990 1419 1117 1451 resumi
1133 1419 1341 1460 ambientes,
1367 1420 1599 1465 efflagitarunt

188 1477 358 1510 calamum
374 1477 470 1510 huuc
486 1486 555 1510 tam
573 1476 763 1511 veridicum
777 1491 821 1510 ne
839 1478 991 1520 conteri,
1008 1477 1042 1511 id
1054 1487 1102 1511 est
1115 1478 1180 1511 situ
1197 1479 1345 1520 absumi,
1365 1479 1495 1525 lignum
1516 1481 1599 1521 hoe,

190 1536 377 1568 multorum
393 1535 605 1569 edificationi
620 1536 860 1579 commodum,
877 1550 918 1569 ne
929 1537 1112 1582 exstingui,
1127 1535 1163 1569 id
1175 1546 1222 1570 est
1238 1538 1405 1570 inutiliter
1416 1538 1599 1581 abscondi,

190 1596 330 1628 ulterius
343 1596 499 1637 sufferas,
516 1595 575 1629 sed
589 1596 705 1641 potius
722 1597 856 1629 cunctis
872 1596 1063 1630 litterarum
1077 1597 1291 1629 amatoribus
1309 1598 1599 1632 contrectandum

189 1663 219 1687 et
236 1650 485 1700 perfruendum
505 1655 642 1701 copiam
656 1665 796 1701 prestes.
812 1656 973 1698 Quorum
985 1665 1078 1698 vota,
1094 1668 1134 1688 eo
1144 1668 1213 1700 quo
1227 1665 1328 1689 natus
1344 1669 1379 1689 es
1390 1669 1602 1702 prosequens

189 1714 411 1760 benignitatis
429 1715 530 1760 genio
545 1743 552 1757 ‚
574 1725 610 1748 ut
636 1716 760 1761 prefati
784 1716 890 1761 patris
910 1716 1230 1761 chronographiam
1254 1717 1354 1750 novis
1371 1718 1597 1751 reformatum

190 1772 238 1805 ire
255 1773 345 1819 typis
363 1786 518 1807 curarem
529 1775 657 1819 jussisti
671 1801 680 1816 ,
695 1775 811 1808 oleum
826 1784 857 1808 et
870 1787 1013 1820 operam
1030 1774 1155 1808 adhoc
1171 1775 1305 1821 oppido
1321 1776 1599 1812 subministrans,

189 1832 309 1876 Itaque
325 1845 412 1878 opus
428 1842 498 1866 tam
519 1833 684 1867 eximium
706 1835 877 1879 (quamvis
894 1843 1015 1880 vegeto
1033 1835 1175 1880 corpori
1195 1835 1424 1880 laboriosum)
1445 1837 1554 1870 libens
1569 1845 1601 1869 et

189 1892 462 1936 gratulabundus
479 1894 631 1940 suscepi,
650 1907 720 1939 quo
737 1894 901 1927 nimirum
917 1894 1137 1927 c‹:›nfid‹›bam
1156 1904 1315 1940 posteros
1331 1894 1477 1940 dignum
1494 1895 1599 1929 cedro

190 1962 316 1982 nomen
339 1959 437 1984 tuum
458 1961 602 1998 propter
624 1953 693 1985 hoc
720 1953 923 1995 habituros,
954 1965 1033 1986 cum
1060 1966 1133 1986 non
1162 1954 1201 1986 sit
1232 1954 1350 1987 minor
1370 1954 1479 1988 virtus
1495 1967 1599 1999 quam

189 2008 366 2052 acquirere
379 2020 474 2055 parta
486 2011 585 2044 tueri.
604 2011 784 2057 Excipiant
800 2011 1030 2056 igiturcupidi
1046 2013 1230 2045 multarunt
1242 2025 1359 2045 rerum
1369 2012 1599 2057 indagatores,

189 2067 373 2112 excipiant,
396 2069 551 2113 iuquam,
572 2080 607 2106 et,
619 2070 681 2103 tibi
703 2071 826 2116 gratias
844 2071 991 2104 habeant
1010 2084 1074 2116 pro
1093 2073 1260 2116 pretaxati
1276 2073 1381 2118 patris
1399 2073 1541 2106 historia
1559 2071 1602 2106 de

190 2139 284 2160 novo
303 2139 364 2172 per
390 2136 421 2160 te
447 2137 617 2173 reparata.
646 2129 775 2174 Accipe
791 2137 822 2161 et
838 2138 896 2169 tu,
920 2129 1159 2162 colendissime
1182 2130 1343 2172 domine,
1362 2144 1403 2164 ex
1420 2131 1550 2164 alumni
1571 2140 1603 2164 et

193 2186 355 2219 monachi
371 2186 419 2219 tui
439 2187 635 2220 obedientia
654 2188 816 2226 fructum,
836 2200 938 2232 quem
957 2197 989 2221 et
1005 2189 1067 2221 tibi
1083 2189 1266 2232 honorem,
1288 2190 1393 2224 michi
1410 2203 1493 2223 vero
1509 2191 1603 2223 salu-

191 2254 259 2278 tem
282 2246 508 2291 perhennem,
528 2259 648 2293 parere
663 2247 878 2280 Altissimum
895 2260 1033 2292 precor.
1052 2249 1175 2281 Valeas
1194 2249 1280 2282 letus
1297 2262 1336 2283 ac
1354 2250 1434 2284 felix
1452 2262 1600 2295 semper·

245 2341 283 2374 4⁰
310 2342 523 2377 Allanzcscrz't
549 2342 595 2375 de
623 2341 676 2376 sir
706 2341 861 2377 Thomas
883 2342 1086 2389 Plzsllc'pps.
1109 2363 1160 2370 —-
1182 2342 1445 2394 Bibliotheque
1473 2343 1519 2380 de
1545 2344 1597 2380 sir

190 2400 352 2437 Thomas
387 2401 596 2451 Phillipps,
628 2401 709 2438 bar.
728 2431 737 2448 ‚
768 2404 787 2438 a
807 2401 1017 2438 Nliddlehill
1036 2432 1046 2447 ‚
1074 2409 1115 2439 n⁰
1141 2405 1256 2441 4836.
1291 2406 1340 2442 Ce
1372 2413 1596 2451 manuscrit,

193 2462 257 2511 qui
277 2475 298 2498 a
318 2462 609 2512 probablement
630 2472 841 2514 appartenu
869 2477 943 2500 aux
963 2464 1120 2511 je'suites
1155 2465 1205 2502 du
1234 2466 1379 2517 college
1409 2467 1456 2504 de
1491 2467 1600 2504 Cler-

194 2532 318 2568 mont,
340 2527 358 2561 a
379 2525 503 2571 Paris,
528 2534 583 2561 est
610 2526 705 2562 ainsi
725 2526 881 2576 indique
905 2526 998 2563 dans
1026 2527 1060 2564 le
1080 2529 1277 2579 catalogue
1304 2529 1434 2579 public
1468 2543 1537 2580 par
1569 2529 1602 2565 le

195 2594 327 2623 savant
346 2586 569 2637 bibliophile
587 2588 731 2639 anglais
752 2591 804 2636 (1)
824 2604 830 2624 2

249 2666 265 2681 u
293 2648 496 2686 Ordericus
516 2649 661 2687 Vitalis.
686 2650 778 2689 vell.
801 2664 830 2686 s.
850 2663 914 2689 xv,
946 2668 958 2683 ι,

244 2805 289 2851 (t)
315 2807 351 2840 P.
376 2807 435 2841 ρο.
