2081 3408
147 280 185 327 [2
208 278 282 316 feb.
309 280 424 327 1141]
520 279 661 314 LIBER
689 278 890 314 TERTIUS
920 279 1145 315 DECIUS.
1459 281 1532 316 2129

212 369 314 428 lpso
344 366 440 424 (lie,
475 366 587 411 dum
611 382 687 411 rex
712 375 999 429 pugnaturus
1030 366 1216 410 missam
1251 365 1451 422 audiret,
1490 375 1534 410 et

146 441 404 504 multiplici,
432 443 479 486 ni
504 441 652 498 fallor,
680 442 882 503 cogitatu
907 450 951 485 et
974 457 1084 487 cura
1108 442 1383 486 intrinsecus
1409 441 1534 486 laho-

144 526 288 572 raret,
321 534 480 562 cereus
503 527 800 563 consecratus
833 518 877 561 in
904 533 1042 562 manu
1069 517 1165 577 ejus
1185 517 1354 563 fractus
1378 527 1462 575 est,
1490 528 1534 563 et

143 591 299 637 multis
333 594 647 655 spectantibus
680 603 747 639 ter
770 593 926 655 lapsus
959 602 1041 638 est.
1085 597 1180 638 lloc
1211 593 1347 655 plane
1378 593 1533 638 infelix

141 670 413 730 praesagium
435 670 714 731 quibusdam
738 669 956 731 sophistis
983 670 1131 714 visun]
1159 679 1249 727 est,
1290 681 1335 715 et
1364 670 1533 715 eodem

141 743 214 788 die
240 745 286 789 in
313 745 444 807 lapsu
474 746 695 808 principis
730 746 971 790 manifeste
997 745 1231 790 detectum
1268 756 1351 791 est.
1387 746 1534 792 Infor-

140 821 323 866 tunium
349 823 466 882 regis
491 822 666 867 luctum
692 823 871 885 peperit
895 822 1072 866 clericis
1096 833 1140 867 et
1163 823 1420 881 monachis,
1450 840 1534 887 po-

140 896 353 959 pulisque
378 898 683 960 simplicibus,
712 899 820 960 quia
845 897 968 942 idem
1002 914 1081 944 rex
1113 898 1300 943 humilis
1333 909 1377 944 et
1402 916 1533 945 man-

140 984 296 1019 suetus
325 985 421 1020 erat.
450 975 587 1020 bonis
618 992 670 1020 ac
700 975 906 1031 mitibus,
937 985 998 1031 et,
1028 976 1063 1020 si
1097 975 1248 1021 dolosi
1287 977 1534 1038 optimates

139 1059 427 1112 paterentur,
467 1051 650 1096 abolitis
685 1052 777 1096 suis
820 1052 971 1113 pravis
1012 1051 1285 1110 conatibus,
1335 1052 1535 1097 liberalis

140 1136 266 1172 tutor
291 1130 448 1190 patriae
478 1129 636 1174 fuisset
658 1145 711 1173 ac
735 1127 1000 1172 benivolus.

204 1204 337 1249 (lives
364 1214 519 1250 autem
548 1203 786 1260 Lincolia=,
822 1204 902 1265 qui
945 1204 1065 1264 regi,
1099 1213 1147 1247 ut
1182 1205 1414 1266 oportuit,
1447 1204 1534 1249 do-

139 1282 266 1327 mino
311 1299 395 1328 suo
439 1283 672 1339 faverant,
722 1281 1009 1327 omnimodis
1046 1290 1094 1326 ut
1138 1281 1356 1326 viderunt
1388 1283 1536 1327 victo-

138 1358 252 1402 riam
301 1360 492 1404 cessisse
539 1359 839 1417 adversariis,
890 1358 1059 1403 domos
1115 1374 1219 1403 suas
1273 1368 1318 1403 et
1369 1375 1538 1404 uxores

137 1450 244 1480 cum
285 1435 504 1481 omnibus
535 1435 675 1481 rebus
713 1437 807 1481 suis
839 1435 1117 1480 dissidentes
1156 1435 1532 1497 dereliquerunt,

138 1528 189 1558 ac
224 1513 282 1558 ad
320 1514 525 1558 vicinum
571 1514 772 1571 flumen,
819 1522 869 1558 ut
907 1512 1096 1558 exilium
1143 1522 1351 1575 petentes
1386 1513 1535 1558 salva-

137 1599 322 1647 rentur,
368 1591 694 1651 confugerunt.
740 1591 830 1646 Qui
877 1589 991 1634 (111111
1034 1600 1224 1651 repente
1268 1590 1537 1651 conglobati

137 1665 196 1709 ad
221 1666 413 1728 scaphas
437 1667 701 1722 venissent,
729 1667 965 1728 nimiaque
995 1666 1063 1710 sui
1090 1665 1388 1710 multitudine
1414 1683 1536 1727 cym-

137 1739 218 1785 bas
254 1742 546 1804 implessent,
581 1752 802 1804 metuque
840 1743 1002 1787 mortis
1044 1742 1229 1786 attoniti
1270 1742 1535 1787 inordinate

138 1833 184 1862 se
208 1817 504 1875 habuissent,
532 1829 577 1864 et
605 1820 885 1881 posteriores
908 1835 1016 1863 cum
1041 1819 1217 1880 impetu
1244 1835 1383 1880 super
1407 1819 1533 1880 prio-

138 1910 210 1939 res
246 1896 505 1952 irruissent,
541 1897 693 1941 statim
718 1895 939 1940 navicula)
969 1905 1156 1940 versatae
1187 1905 1311 1951 sunt,
1348 1904 1391 1939 et
1415 1911 1533 1956 pene

139 1988 300 2016 omnes
346 1973 425 2034 qui
471 1973 780 2030 intraverant,
822 1983 874 2016 ut
917 1972 1109 2034 quidam
1162 1981 1395 2025 asserunt,
1440 1972 1533 2016 fere

139 2048 375 2109 quingenti
394 2047 573 2092 nobiles
592 2048 729 2102 cives,
748 2049 1038 2093 interierunt.
1059 2050 1108 2091 In
1126 2047 1346 2091 conflictu
1364 2046 1531 2091 bellico

138 2137 234 2165 non
279 2122 393 2166 tanti
437 2135 728 2166 corruerunt.
779 2121 1054 2166 Guillelmus
1095 2120 1287 2181 quidam
1332 2120 1533 2164 famosus

140 2199 268 2260 optio
319 2215 372 2242 ex
408 2208 536 2260 parte
574 2199 688 2260 regis
726 2199 904 2243 occisus
942 2208 1032 2255 est,
1079 2198 1157 2258 qui
1200 2214 1346 2259 nepos
1386 2197 1532 2242 fuerat

139 2274 367 2319 Goisfredi
405 2275 755 2335 Rotomagensis
783 2274 1134 2336 archiepiscopi.
1164 2276 1230 2318 De
1266 2273 1363 2317 aliis
1390 2290 1526 2327 vero,

140 2360 189 2394 ut
211 2361 451 2395 autumant
477 2351 554 2412 (1111
581 2351 906 2406 interfuerunt,
929 2367 1022 2394 non
1051 2350 1151 2411 plus
1175 2365 1316 2410 quam
1341 2359 1531 2394 centum

140 2430 311 2473 mortui
341 2438 459 2474 sunt.
495 2432 637 2473 Porro
671 2428 924 2473 Rannulfus
953 2444 1110 2472 conns
1142 2426 1310 2488 aliique
1334 2427 1532 2471 victores

142 2505 303 2550 urbem
343 2506 641 2563 introierunt,
685 2515 922 2566 totamque
964 2513 1013 2548 111
1037 2502 1221 2547 harhari
1258 2502 1532 2565 depopulati

142 2591 265 2639 sunt,
297 2592 339 2627 et
368 2583 576 2627 residuos
601 2583 722 2627 cives
751 2598 868 2643 quos
905 2580 1114 2625 invenire
1150 2579 1221 2624 x'el
1255 2596 1420 2642 capere
1451 2597 1533 2642 po-

140 2667 350 2715 tuerunt,
378 2657 568 2702 diversis
595 2659 816 2702 mortium
842 2655 1104 2717 generibus,
1121 2655 1295 2716 absque
1320 2666 1529 2719 respectu

141 2735 337 2797 pietatis,
367 2745 416 2780 ut
440 2734 642 2798 pecudes
674 2743 1012 2780 mactaverunt.

353 2825 374 2848 v
1303 2812 1324 2845 9
