2081 3408
756 247 1019 283 APPENDIX.
1512 249 1529 284 1
1540 249 1587 284 69

189 335 407 384 prostravit,
433 342 578 385 segetes
601 334 854 384 tempestavit‚
875 342 912 371 et
930 347 998 383 per
1022 346 1105 371 eam
1128 334 1244 372 multe
1258 342 1388 385 gentes
1409 342 1446 372 et
1473 334 1590 372 multa

188 395 364 432 animalia
383 395 590 446 perierunt.

243 458 357 494 1996.
394 460 475 494 Hoc
497 471 596 494 anno
623 466 725 495 tanta
755 458 823 495 fuit
854 459 1050 495 inundatio
1085 472 1268 509 aquarum
1301 458 1402 509 quod
1433 472 1591 510 magnus

187 531 283 568 pons
304 526 338 555 et
359 532 499 568 parvus
522 533 615 569 pons
634 520 797 556 Parisius
818 520 1035 557 ceciderunt
1052 529 1087 558 et
1105 535 1174 571 pro
1194 530 1299 572 parte
1313 534 1442 558 omnes
1459 530 1592 571 pontes

187 580 351 630 desuper
373 585 588 631 Sequanam
610 592 850 629 corruerunt,
871 592 1028 635 excepto
1048 587 1164 621 Ponte
1183 583 1322 630 Arche,
1346 592 1382 620 et
1404 583 1504 621 circa
1517 597 1590 621 na-

187 642 371 679 tivitatem
389 644 543 680 Domini
566 644 638 681 hoc
657 646 795 684 evenit.
821 646 931 683 Unde
951 660 1082 683 versus
1106 661 1113 682 ε

422 767 571 801 Pax-isius
590 780 669 801 vere
685 777 825 814 pontes,
844 780 947 814 gens,
965 776 1051 801 tecta
1071 776 1217 801 ruerunt

422 829 553 872 Undis,
574 830 734 875 milleno,
756 844 773 864 c
791 831 842 864 bis
857 857 865 872 ‚
884 830 1003 864 novies
1023 829 1126 873 deca,
1148 843 1244 865 seno,

243 948 358 983 1298.
382 949 425 983 In
446 946 517 983 hoc
537 959 637 984 anno
661 947 730 984 suit
748 947 894 984 levatus
914 956 1064 984 sanctus
1088 947 1306 984 Ludovicns
1330 959 1399 984 rex
1421 946 1590 984 Francie.

188 1011 233 1045 Et
252 1008 535 1046 rebellaverunt
554 1022 621 1046 rex
642 1009 777 1059 Anglie
797 1018 832 1046 et
852 1023 976 1046 comes
993 1009 1167 1046 Flandrie
1189 1017 1318 1045 contra
1336 1022 1463 1059 regem
1478 1011 1596 1046 Fran-

188 1070 244 1107 cie
259 1079 436 1120 nepotem
457 1071 574 1107 sancti
599 1070 782 1107 Ludovici
806 1070 980 1120 predicti.

242 1134 322 1168 Hoc
345 1145 444 1168 anno
464 1131 557 1168 obiit
576 1132 802 1169 Guillelmus
822 1132 868 1169 de
892 1131 1054 1169 Anieriis
1069 1131 1168 1168 bone
1189 1132 1386 1179 memorie,
1404 1132 1595 1182 quondam

189 1192 386 1242 episcopus
406 1193 676 1239 Lexoviensis3
698 1193 759 1230 cui
783 1194 961 1231 successit
980 1194 1172 1231 Johannes
1199 1193 1246 1231 (le
1265 1193 1399 1231 ordine
1422 1195 1594 1231 Fratrum

188 1254 394 1300 minorum,
415 1255 614 1305 episcopus
635 1265 721 1293 tunc
739 1256 785 1293 de
810 1256 923 1293 Renis
941 1257 978 1292 in
997 1255 1203 1292 Britannia.

243 1317 361 1352 1303.
385 1315 486 1352 Obiit
505 1317 696 1355 Johannes
717 1317 763 1354 de
785 1319 928 1363 Semes‚
951 1317 997 1354 de
1025 1317 1159 1354 ordine
1184 1318 1360 1354 Fratrum
1378 1317 1569 1354 Minorum
1585 1350 1595 1367 ‚

188 1379 387 1430 episcopus
408 1380 677 1427 Lexoviensi53
700 1381 759 1417 cui
779 1380 957 1417 successit
974 1379 1165 1417 Guiardus
1186 1378 1232 1416 de
1251 1379 1465 1416 Haricuria.

242 1443 324 1478 Hoc
343 1455 443 1478 anno
464 1442 605 1479 dimisit
624 1451 853 1493 spontaneus
872 1443 988 1480 frater
1015 1441 1220 1479 Gaufridus
1244 1441 1291 1479 de
1311 1439 1598 1492 Gyrouart3cui

189 1504 367 1541 successit
390 1505 505 1542 frater
523 1505 684 1542 Thomas
705 1505 752 1542 de
770 1508 909 1544 Ductu.

243 1568 358 1602 1306.
392 1569 473 1603 Hoc
493 1580 592 1604 anno
614 1568 768 1604 suerunt
789 1568 906 1618 fugati
923 1567 1035 1605 Judei
1055 1567 1102 1604 de
1123 1579 1241 1617 regno
1263 1566 1436 1603 Francie.

243 1630 359 1664 1307.
392 1631 473 1665 Hoc
495 1642 596 1665 anno
616 1630 683 1666 fuit
700 1630 797 1667 facta
818 1644 891 1680 pax
914 1638 950 1667 et
972 1631 1120 1667 firmata
1139 1629 1237 1666 inter
1258 1641 1384 1678 regem
1407 1626 1543 1678 Anglie
1562 1635 1598 1664 et

190 1701 319 1740 regem
337 1690 493 1727 Francie
511 1699 547 1727 et
566 1691 709 1741 accepit
726 1705 793 1728 rex
810 1692 946 1742 Anglie
965 1691 1080 1728 filiam
1105 1691 1203 1741 regis
1225 1689 1383 1727 Francie
1402 1688 1441 1725 in
1464 1687 1599 1735 conju-

190 1750 294 1800 gium
314 1760 349 1787 et
368 1750 523 1788 fuerunt
536 1752 630 1789 facte
651 1753 783 1803 nuptie
799 1752 900 1802 apud
920 1753 1115 1789 Boloniam
1131 1765 1247 1802 supra
1266 1764 1385 1788 mare.

245 1815 362 1849 1309.
396 1817 477 1850 Hoc
496 1828 596 1851 anno
627 1814 719 1852 obiit
737 1815 806 1852 Th.
841 1815 887 1853 de
907 1818 1047 1861 Ductu,
1071 1814 1187 1852 abbas
1208 1813 1321 1861 hujus
1344 1811 1516 1859 cenobii;
1539 1810 1599 1848 cui

192 1875 369 1912 successit
388 1876 589 1913 Nicholaus
606 1876 653 1913 de
672 1880 790 1914 Ponte
810 1877 993 1915 Cardonis
1011 1879 1077 1925 (1).

241 2084 288 2129 (1)
313 2085 409 2118 Nous
436 2085 598 2129 ι1101110115
627 2083 671 2116 101
700 2095 741 2116 en
769 2092 850 2117 note
875 2084 923 2117 les
949 2084 1083 2117 articles
1107 2083 1260 2116 suivants
1282 2095 1348 2127 que
1377 2095 1467 2116 nous
1496 2096 1603 2118 avons

194 2142 332 2173 trouves
355 2152 399 2172 au
416 2140 439 2172 f.
463 2141 506 2172 58
522 2147 558 2170 νο
578 2139 663 2172 (1’1111
681 2152 743 2172 ms.
760 2138 803 2172 de
819 2140 1088 2181 Saint-Evroul,
1110 2138 1339 2185 aujourd’hui
1356 2142 1520 2173 conserve
1537 2144 1553 2172 a
1570 2141 1602 2174 la

194 2196 432 2241 bibliotheque
455 2196 647 2241 d'Alencon
660 2222 668 2237 ,
687 2209 766 2229 sous
782 2197 812 2229 le
836 2204 874 2228 n⁰
894 2197 950 2229 ²20.
970 2196 1158 2228 L’ecriture
1174 2204 1221 2228 est
1239 2195 1286 2228 du
1305 2203 1374 2229 mve
1393 2196 1507 2228 siecle.

245 2253 345 2285 1313.
374 2252 449 2284 Hoc.
463 2264 554 2285 anno
577 2255 705 2284 sactum
724 2253 786 2284 fuit
805 2251 995 2285 divortium
1012 2252 1101 2285 inter
1122 2251 1339 2285 Ludovicum
1357 2260 1388 2284 et
1407 2252 1599 2293 Karolum,

194 2310 284 2343 filios
302 2309 469 2354 Phillippi
487 2309 574 2354 regis
591 2309 804 2341 Francorum
816 2335 824 2349 ‚
843 2317 874 2341 et
896 2320 1020 2341 uxores
1036 2320 1113 2341 suas
1130 2308 1174 2341 ob
1193 2320 1329 2341 causam
1347 2308 1599 2341 fornicationis.

195 2366 266 2408 Qui
283 2373 359 2411 post
377 2363 521 2397 modum
539 2372 773 2397 successerunt
795 2364 829 2396 in
848 2376 1006 2409 regnum.

246 2423 347 2454 1315.
376 2421 452 2453 Hoc
467 2433 560 2454 anno
578 2420 715 2454 demisit
734 2430 944 2466 spontaneus
965 2419 1116 2453 domnus
1136 2420 1242 2454 abbas
1258 2421 1302 2454 N.
1321 2419 1364 2454 de
1379 2421 1495 2454 Ductu
1511 2433 1602 2454 onus

196 2477 329 2511 abbatis
345 2477 535 2519 Uticensis;
553 2477 607 2509 cui
628 2477 786 2510 successit
804 2476 973 2509 Radulfus
988 2477 1128 2510 Grente.

247 2535 349 2568 1316.
378 2534 454 2566 Hoc
470 2546 563 2566 anno
579 2533 643 2565 fuit
660 2542 748 2566 terre
767 2542 881 2566 motus
899 2533 933 2565 in
951 2533 1105 2578 partibus
1126 2532 1208 2567 istis.

248 2590 350 2625 13:20.
377 2588 472 2622 Obiit
497 2588 646 2622 domnus
665 2588 834 2622 Radulfus
856 2589 1002 2630 Creme,
1026 2588 1132 2621 abbas
1152 2588 1342 2630 Uticensi53
1363 2588 1419 2622 0111
1441 2588 1602 2622 successit

199 2645 369 2678 Ricardus
384 2645 569 2678 Tiescelin.

250 2703 351 2736 1321.
378 2702 523 2749 Leprosi
535 2703 672 2736 fuerunt
685 2702 856 2736 combusti
874 2703 942 2736 fere
957 2715 1021 2748 per
1035 2710 1146 2736 totum
1163 2714 1309 2748 regnum
1323 2702 1482 2745 Fraude,
1498 2714 1609 2748 prop·
