2081 3408
182 273 317 325 [1138]
561 275 704 311 LIBER
730 275 932 312 TERTIUS
962 276 1189 313 DECIMUS.
1509 276 1583 310 107

181 363 363 410 dulfum
384 362 443 408 de
470 362 683 424 Axone(1
699 363 733 419 ’1,
755 363 904 408 virum
923 373 1182 426 potentem,
1209 362 1584 427 comprehende-

182 450 306 498 runt,
335 440 633 501 domina‘que
659 456 752 484 suae
778 440 972 485 vinculis
997 441 1247 486 artandum
1272 441 1582 486 tradiderunt.

180 519 333 572 Quem
358 517 457 579 ipsa
473 515 554 560 diu
571 517 735 573 tenuit,
758 532 845 561 nec
863 516 1008 574 abire,
1027 517 1180 562 donec
1196 518 1283 563 sibi
1301 517 1585 562 munitiones

181 610 287 639 suas
327 593 568 651 redderet,
611 594 835 656 permisit.
881 596 933 638 At
971 605 1136 639 contra
1172 595 1494 657 Engelrannus
1526 593 1586 639 de

182 670 286 715 Saia
312 670 380 730 (2)
407 669 577 731 aliique
595 670 707 730 regii
726 669 916 715 clientes
938 670 1216 715 Rainaldum
1240 680 1284 716 et
1311 670 1586 716 ssalduinum

183 755 311 791 extra
346 755 549 791 castrum
582 745 640 789 de
681 746 816 790 Ulmo
856 747 1153 808 pertinaciter
1195 756 1488 810 repererunt,
1515 756 1583 805 et,

183 823 433 868 commissa
456 823 672 868 cominus
696 839 849 885 pugna
870 861 879 880 ⁷
908 823 1189 868 Balduinum
1213 834 1258 869 et
1292 825 1406 869 alios
1432 824 1589 887 plures

184 909 427 962 ceperunt.
463 898 530 942 lbi
563 899 788 943 nimirum
824 898 937 944 dum
977 901 1176 944 maxime
1210 911 1515 963 pugnaretur,
1543 911 1589 946 et

184 977 341 1022 adhuc
367 977 413 1021 in
439 976 586 1021 dubio
612 985 731 1021 esset
755 976 829 1021 cui
855 977 1047 1022 victoria
1073 977 1284 1035 daretur⁷
1312 978 1505 1039 quidam
1530 977 1589 1022 de

185 1053 458 1116 parentibus
482 1067 526 1098 et
552 1053 712 1098 amicis
738 1053 920 1114 Rogerii
940 1053 1228 1098 vicecomitis
1244 1091 1254 1109 ‚
1290 1064 1340 1098 ut
1364 1054 1522 1099 locum
1546 1065 1592 1100 et

185 1141 371 1194 tempus
404 1130 594 1175 ultionis
642 1130 764 1174 nacti
797 1139 923 1185 sunt,
968 1131 1134 1175 strictis
1176 1131 1365 1176 ensibus
1397 1132 1442 1175 in
1482 1149 1591 1177 suos

185 1206 417 1262 conversi,
438 1205 594 1268 plures
619 1204 678 1249 de
705 1205 1080 1250 interfectoribus
1104 1206 1224 1252 illius
1236 1207 1530 1263 occiderunt,
1547 1217 1593 1252 et

186 1285 251 1329 sic
288 1284 493 1329 adversze
530 1283 651 1345 parti
687 1283 894 1327 victoriae
929 1299 1154 1346 pompam
1195 1295 1587 1346 procuraverunt.

191 1364 323 1417 Ecce,
342 1361 458 1405 sicut
470 1359 701 1403 Dominus
725 1359 785 1403 ait
803 1377 811 1403 :
839 1361 1174 1421 Quiacceperit
1192 1360 1420 1423 gla(lt'm]7‚
1434 1360 1593 1424 gladio

182 1436 371 1500 peribit,
399 1436 572 1480 furialis
593 1436 805 1492 societas,
840 1452 942 1498 (μαι),
968 1437 1218 1497 Rogerium
1257 1437 1417 1498 Nigelli
1444 1437 1593 1482 filium

189 1513 330 1578 paulo
366 1523 472 1558 ante
496 1513 746 1558 crudeliter
787 1512 1065 1569 trucidavit,
1094 1513 1153 1558 ab
1185 1514 1346 1560 amicis
1384 1514 1505 1559 illius
1538 1531 1591 1559 ex

190 1591 445 1654 improviso
470 1606 689 1654 percussa
705 1626 715 1646 ,
745 1590 866 1634 inter
889 1606 998 1635 suos
1022 1590 1211 1637 decidit.

256 1668 434 1714 Eodem
469 1678 700 1730 tempore,
727 1666 1043 1713 Theodericus
1078 1668 1377 1714 Flandrensis
1411 1677 1594 1731 satrapa

190 1745 332 1790 filiam
356 1761 489 1790 suam
515 1743 610 1788 filio
639 1743 864 1806 Stephani
902 1745 1022 1805 regis
1051 1746 1301 1807 conjugem
1334 1744 1493 1801 dedit⁷
1524 1754 1595 1789 10-

191 1831 386 1884 tumque
423 1821 648 1867 ducatum
689 1820 912 1866 Flandriae
951 1821 1156 1879 dimisit,
1202 1821 1374 1867 deinde
1407 1837 1595 1866 crucem

192 1899 382 1944 Domini
410 1898 611 1960 accepit,
640 1907 686 1942 et
708 1899 962 1943 Jerusalem
1002 1899 1231 1961 perrexit,
1270 1898 1474 1959 indeque
1509 1914 1596 1942 re—

193 1992 375 2036 gressus
413 1991 613 2036 puerum
655 1976 729 2018 cui
766 1973 909 2019 filiam
955 1975 1000 2019 in
1045 1991 1241 2019 uxorem
1273 1974 1469 2019 dederat
1508 1973 1596 2018 sihi

195 2053 439 2115 conjunxit
461 2053 546 2112 (3).

243 2229 289 2274 (1)
306 2229 417 2261 Raonl
440 2226 584 2259 d'Esson
608 2227 748 2268 (canton
769 2224 812 2257 de
828 2225 1187 2269 Thierri-Harcourt).
1210 2225 1352 2270 L'eglise
1372 2225 1414 2258 de
1433 2233 1519 2258 cette
1536 2238 1599 2270 pa-

196 2288 302 2322 roisoe
317 2286 405 2319 avait
423 2287 474 2318 <ite
493 2284 630 2317 deunce
647 2288 663 2317 a
683 2285 839 2330 l'abbaye
857 2283 899 2316 dc
916 2284 1082 2317 Fontvnai
1100 2297 1161 2329 par
1184 2285 1215 2317 la
1235 2285 1361 2317 familie
1378 2286 1522 2317 Tesson.
1542 2284 1599 2317 On

195 2357 319 2380 trouve
336 2345 472 2391 Ingulfe
495 2343 641 2376 d'Essun
664 2343 776 2388 parmi
801 2344 846 2376 les
863 2343 1111 2389 souscriptcurs
1134 2342 1177 2375 de
1202 2344 1233 2376 la
1258 2342 1391 2389 grande
1413 2344 1531 2376 charte
1557 2343 1601 2376 de

195 2405 375 2440 Fontenai.

247 2466 298 2511 (ΞΕ)
319 2462 550 2510 Enguerrand
573 2462 615 2495 de
632 2461 688 2496 Sai
706 2463 798 2507 (pres
812 2462 1170 2507 Argentan).—Nous
1183 2461 1275 2495 voici
1292 2463 1446 2507 reportes
1468 2461 1554 2495 dans
1570 2463 1602 2495 le

203 2525 380 2559 Cotentin.
404 2525 501 2557 Nous
525 2536 547 2569 y
572 2531 778 2555 retrouvons
803 2520 961 2554 Rainaud
987 2520 1030 2554 sle
1060 2521 1321 2564 Dunstanville,
1345 2521 1531 2555 Baudouin
1558 2521 1601 2555 de

202 2585 343 2617 Reviers
363 2591 393 2615 et
410 2595 470 2615 son
489 2582 634 2614 chaman
651 2580 693 2613 de
711 2581 944 2614 l'Isle-Mnr-ie.

249 2642 292 2688 (3)
313 2643 420 2676 Notre
442 2649 564 2673 auteur
585 2648 714 2673 entasse
736 2640 779 2673 ici
800 2640 968 2685 plusieurs
986 2639 1062 2671 faits
1078 2642 1294 2674 contr0uw35.
1315 2641 1472 2681 Thierri,
1492 2649 1604 2673 comte

204 2702 247 2735 de
271 2700 433 2740 Flandrv,
459 2713 502 2732 ne
521 2699 628 2732 maria
650 2699 749 2744 point
770 2712 803 2731 sa
829 2699 897 2731 fille
917 2702 933 2730 a
953 2698 1141 2739 Eustachc‚
1169 2699 1220 2731 fils
1246 2698 1292 2732 du
1315 2699 1370 2732 roi
1386 2690 1552 2741 Etiamne,
1573 2707 1605 2731 et

204 2775 248 2796 ne
264 2762 312 2795 lui
335 2761 452 2795 donna
470 2760 570 2806 point
595 2772 658 2793 son
684 2761 797 2793 comte
814 2758 930 2804 quand
959 2759 982 2791 il
1006 2759 1109 2804 partit
1131 2772 1224 2805 pour
1247 2760 1279 2793 la
1304 2759 1543 2793 Terre-sainte
1560 2771 1603 2792 en
