2081 3408
452 242 527 278 172
1019 248 1279 284 APPENDIX.

506 333 621 368 1350.
656 333 737 367 Hoc
758 345 858 369 anno
876 333 969 370 obiit
991 334 1185 385 Philippus
1204 348 1268 372 rex
1288 334 1468 382 Francie;
1487 335 1547 371 cui
1578 334 1755 372 successit
1783 338 1852 372 Jo-

455 392 615 437 bannos,
636 392 734 428 lilius
756 393 850 438 ejus.

508 454 623 490 1:352.
658 456 737 489 Hoc
756 466 858 491 anno
878 454 971 492 obiit
992 456 1195 494 Nicholaus
1218 458 1394 505 Heben-ti,
1413 457 1529 495 abbas
1556 458 1668 506 hujus
1688 458 1849 498 cenobii.

509 519 624 555 1353.
645 520 725 554 Hoc
745 531 845 554 anno
866 549 873 556 .
901 550 909 558 .
930 551 937 558 .
959 550 966 558 .
990 552 997 559 .
1025 553 1032 560 .
1051 530 1180 558 sanata
1199 522 1269 558 suit
1291 523 1463 560 Johanna
1481 523 1632 560 domina
1653 524 1699 562 de
1719 525 1852 570 Moles,

452 591 525 628 que
546 587 626 614 erat
644 588 796 629 arrepta
816 594 836 616 a
857 581 1019 619 demone
1032 612 1041 629 ‚
1065 592 1100 619 et
1122 582 1194 619 hoc
1215 584 1356 620 meritis
1372 585 1487 621 sancti
1507 585 1666 625 Ebrulli.

507 642 623 678 1358.
655 643 734 677 Hoc
754 654 852 678 anno
871 643 993 679 attulit
1010 643 1118 681 nobis
1140 644 1301 682 domnus
1314 645 1506 683 Joliannes
1525 647 1571 684 de
1593 652 1711 686 Bosco
1731 651 1854 687 Gens-

454 701 584 746 cenni,
605 701 719 739 abbas
739 703 851 750 liujus
875 705 1039 752 cenobii,
1064 720 1181 743 unum
1202 720 1243 743 os
1272 707 1319 744 de
1348 707 1515 745 humeris
1545 718 1581 746 et
1604 723 1717 747 unam
1740 711 1855 758 junc-

454 771 573 800 turam
594 764 640 800 de
661 765 781 814 police
799 779 935 818 magno
957 767 1177 805 sanctissimi
1197 768 1312 819 patris
1330 770 1447 807 nostri
1466 769 1626 818 Ebrulfi,
1649 772 1710 809 die
1731 781 1857 810 trans-

454 824 609 862 lacionis
633 826 816 873 ejusdem.

509 890 624 926 1363.
654 889 754 926 Obiit
774 890 979 936 Johannes,
1002 904 1070 929 rex
1088 892 1259 941 Francie,
1277 893 1316 930 in
1334 893 1542 931 Londoniis
1564 894 1603 930 in
1625 895 1775 946 Anglia3
1796 897 1856 933 cui

455 950 633 988 successit
647 951 811 988 Kal-olus
829 952 927 989 silius
948 952 1040 999 ejus.

507 1016 623 1051 1366.
650 1013 752 1050 Obiit
770 1014 965 1052 Johannes
985 1015 1032 1052 de
1051 1018 1170 1053 Bosco
1186 1017 1402 1063 Gensoelin,
1419 1017 1535 1055 abbas
1555 1018 1667 1066 hujus
1687 1017 1857 1064 cenobii3

456 1076 516 1113 (vui
536 1076 713 1112 successit
732 1076 932 1126 Philippus
954 1077 1130 1116 Britonis.

511 1140 627 1175 1370.
659 1137 760 1174 Obiit
779 1137 957 1175 Urbanus
977 1141 1029 1186 V;
1049 1140 1109 1176 cui
1129 1141 1306 1178 successit
1324 1143 1532 1192 Gregorius
1549 1143 1618 1180 XI.

511 1201 624 1238 1392.
652 1202 731 1236 Hoc
753 1212 852 1236 anno
872 1200 966 1237 obiit
988 1201 1165 1239 dominus
1189 1203 1304 1240 abbas
1326 1204 1523 1255 Philippus
1544 1205 1724 1252 Britonis,
1745 1213 1781 1241 et
1798 1217 1862 1242 eo-

458 1261 543 1298 dem
565 1274 664 1298 anno
691 1261 759 1297 fuit
786 1261 944 1298 abbacia
973 1264 1090 1300 sancti
1120 1264 1263 1302 Ebrulli
1299 1266 1435 1303 tradita
1463 1267 1501 1302 in
1534 1267 1758 1304 commanda
1793 1280 1862 1317 per

458 1322 688 1359 Clementem
704 1336 839 1373 papam
854 1326 919 1360 VII
937 1324 1086 1361 cuidam
1103 1327 1284 1364 cardinali
1307 1329 1361 1365 [it.
1386 1337 1512 1366 sancte
1531 1329 1682 1375 Cecilie,
1704 1328 1750 1365 de
1771 1331 1862 1365 Ver·-

459 1398 555 1436 geyo
575 1394 809 1435 nuncupato,
830 1386 895 1435 qui
916 1387 1033 1423 tenuit
1047 1387 1182 1425 dictam
1195 1390 1387 1428 abbaciam
1409 1405 1476 1441 per
1490 1392 1659 1442 spacium
1679 1398 1770 1427 Imm·
1788 1404 1860 1428 an-

459 1462 593 1485 norum
614 1448 672 1485 vel
693 1448 804 1484 circa.
827 1448 973 1485 Deinde
992 1453 1169 1489 successit
1188 1453 1376 1491 Robertus
1388 1454 1575 1502 Textoris,
1592 1453 1800 1490 monachus
1815 1452 1862 1490 de

462 1515 579 1548 Becco
599 1521 635 1548 et
654 1511 758 1561 prior
778 1511 902 1547 Sancti
917 1512 1061 1550 Ymerii
1080 1514 1117 1551 in
1138 1516 1261 1566 Algia.

516 1574 630 1611 1408.
662 1579 743 1616 Hoc
763 1592 862 1616 anno
883 1579 976 1616 obiit
995 1581 1108 1616 frater
1126 1577 1315 1614 Robertus
1328 1578 1500 1614 Textoris
1515 1578 1640 1628 primo
1655 1577 1862 1615 monachus

459 1635 506 1672 de
525 1639 643 1673 Bosco
664 1640 731 1687 (1),
762 1641 826 1689 qui
856 1641 972 1677 multa
999 1641 1098 1678 bona
1120 1639 1206 1676 fecit
1233 1639 1280 1676 ad
1301 1639 1497 1676 abbaciam
1521 1639 1669 1676 deintus
1693 1639 1863 1690 regendo

460 1710 527 1746 per
546 1701 713 1748 spacium
728 1714 797 1736 xm
817 1714 1003 1738 annorum
1020 1702 1078 1738 vel
1095 1701 1201 1738 citra.
1219 1700 1365 1737 Deinde
1379 1701 1556 1737 successit
1570 1701 1684 1738 frater
1702 1701 1861 1737 Michael

460 1758 624 1809 Philippi
644 1760 690 1798 de
711 1764 845 1799 Sancto
866 1764 1044 1810 Marduo,
1064 1763 1110 1799 de
1130 1763 1275 1798 Noione
1297 1762 1411 1811 prior.

629 1861 730 1894 1415.
763 1860 913 1906 Crispini
930 1861 1058 1894 multos
1075 1860 1191 1893 stravit
1209 1872 1291 1904 gens
1307 1859 1440 1903 anglica
1458 1859 1622 1892 Francffi.

513 1953 617 1988 Tunc
635 1952 679 1999 (Ρ)
698 1952 810 1988 etiam
831 1960 942 2002 capta
961 1952 1029 1989 suit
1053 1952 1143 1988 villa
1165 1951 1211 1988 (le
1233 1951 1425 1990 Haresseu.

515 2015 630 2050 1438.
658 2017 739 2050 Hoc
768 2027 870 2051 anno
893 2014 986 2050 obiit
1007 2016 1120 2051 frater
1142 2013 1302 2050 Micliael
1332 2013 1497 2064 Philiphi
1517 2015 1590 2059 (2),
1613 2012 1728 2050 abbas
1754 2013 1866 2060 hujus

463 2075 623 2114 cenobii.
648 2076 781 2114 Postea
806 2077 983 2113 successit
1005 2078 1120 2114 frater
1136 2075 1325 2113 Robertus
1342 2075 1563 2126 l'Apostole.

521 2141 635 2175 1444.
666 2138 821 2175 Inducie
850 2139 944 2175 facte
970 2139 1125 2175 suerunt
1153 2139 1250 2175 inter
1276 2151 1383 2187 reges
1407 2140 1638 2174 Francorum
1659 2145 1696 2174 et
1713 2136 1862 2187 Anglie.

520 2203 634 2237 1449.
668 2204 748 2238 Hoc
771 2215 870 2238 anno
890 2201 1046 2238 intravit
1064 2214 1130 2237 rex
1152 2201 1191 2237 in
1211 2200 1301 2237 villa
1322 2199 1560 2250 Rotlmmagi.

518 2266 632 2300 1450.
663 2266 743 2300 Hoc
763 2277 863 2300 anno
885 2264 952 2300 suit
975 2263 1130 2300 reducta
1146 2262 1378 2299 Normannia
1397 2262 1443 2298 de
1464 2275 1578 2298 manu
1598 2261 1808 2312 Anglorum
1828 2260 1866 2296 in

467 2337 580 2361 manu
601 2327 846 2363 Francorum.

520 2389 636 2427 1459.
665 2391 745 2424 1100
765 2401 865 2424 anno
886 2387 979 2424 obiit
1004 2388 1121 2424 frater
1147 2387 1332 2424 Robertus
1353 2386 1562 2437 l'Apostole
1582 2385 1712 2425 abbas.
1735 2388 1869 2422 Postea

467 2449 642 2487 successit
662 2450 776 2486 frater
796 2451 1021 2488 Guillelmus
1042 2451 1200 2500 Selleys.
