2081 3408
162 263 296 313 [1137]
546 263 693 298 LIBER
718 262 921 298 TERTIUS
949 260 1178 297 DECIMUS.
1511 261 1561 295 83

159 351 218 397 de
242 354 255 395 l
262 367 348 414 pro
373 367 481 396 cum
503 350 596 395 suis
613 348 809 414 praeliari
833 366 943 395 cum
963 348 1372 410 Andegavensibus
1392 364 1563 394 concu-

158 428 296 491 pivit;
319 427 419 485 sed,
449 427 730 472 Normannis
751 442 844 490 prae
865 425 1040 471 invidia
1062 425 1259 471 fideliter
1279 425 1382 471 illos
1396 425 1562 488 juvare

160 504 444 564 nolentibus,
462 505 586 550 idem
608 520 715 549 cum
735 504 828 549 suis
847 503 1050 563 recessit,
1077 512 1233 565 atque,
1255 502 1426 548 infidos
1450 519 1564 548 con-

159 592 306 628 sortes
317 582 665 644 derelinquens,
682 581 742 627 ad
760 597 913 643 regem
935 591 1059 626 trans
1073 583 1338 643 Sequanam
1356 580 1563 626 accessit.

227 662 321 705 Rex
345 669 525 717 autem,
555 676 670 722 pace
697 658 815 704 sacta
848 674 957 703 cum
983 657 1200 716 Rabello,
1235 657 1567 704 Ebroicensem

161 753 331 800 pagum
361 736 500 794 adiit,
545 746 589 781 et
618 736 866 798 Rogerium
893 735 952 781 de
976 734 1180 780 Conchis
1198 771 1209 793 ‚
1246 744 1374 780 sexto
1408 750 1569 779 mense

161 823 412 876 postquam
446 822 609 876 captus
634 821 725 871 est,
762 811 820 857 de
851 827 1038 857 carcere
1063 812 1197 873 ejecit
1228 811 1320 873 (4),
1349 811 1570 874 gravique

158 891 460 950 conditione,
492 900 541 935 ut
561 888 803 935 temeraria
828 888 1105 951 improbitas
1126 889 1224 950 ejus
1246 889 1567 950 castigaretur,

159 969 387 1014 oneravit.
420 970 679 1013 Rotronem
700 966 960 1011 Moritoniae
986 966 1211 1011 comitem
1236 975 1280 1011 et
1304 966 1572 1012 Richerium

159 1044 217 1090 (16
251 1045 411 1108 Aquila
429 1080 439 1100 ,
462 1053 684 1107 nepotem
708 1043 828 1104 ejus,
856 1041 944 1087 sibi
973 1043 1225 1101 annexuit,
1253 1042 1372 1088 datis
1394 1042 1573 1089 eisdem

159 1139 262 1184 quze
300 1121 532 1185 cupiditas
573 1119 761 1165 illorum
799 1118 933 1165 avide
977 1120 1212 1182 poposcit.
1260 1122 1377 1164 Nam
1411 1120 1574 1165 comiti

159 1198 390 1261 oppidum
416 1196 475 1242 de
500 1196 684 1241 Molinis
699 1195 794 1257 (2),
819 1205 864 1240 et
905 1194 1119 1240 Richerio
1150 1194 1483 1240 Bournolinum
1505 1194 1574 1256 (3)

158 1276 410 1334 concessit,
439 1291 615 1337 cosque
647 1273 735 1319 sihi
761 1273 826 1319 sic
859 1273 1101 1337 colligatos
1127 1273 1344 1320 hostibus
1381 1273 1429 1318 in
1460 1275 1575 1319 Nor-

158 1461 216 1482 sur
230 1450 262 1482 la
285 1450 447 1490 Munnce,
466 1452 544 1494 pres
561 1447 783 1494 d'Argences.
810 1449 907 1482 Nous
932 1456 1125 1493 regrettons
1145 1446 1188 1480 de
1210 1459 1253 1480 ne
1269 1446 1422 1493 pouvoir
1443 1447 1514 1479 &tre
1531 1445 1575 1481 de

160 1522 222 1543 son
240 1510 311 1542 avis
327 1518 359 1542 et
377 1508 483 1541 d'etre
500 1508 615 1553 oblige'
632 1507 675 1541 (16
695 1516 852 1554 reportex·
870 1520 908 1541 ce
927 1510 992 1553 gne
1009 1521 1067 1540 sur
1085 1509 1113 1540 le
1130 1507 1297 1540 Seinillon
1315 1515 1410 1540 entre
1427 1506 1575 1540 Viinont

160 1577 191 1600 et
212 1567 488 1613 ssellengreville,
516 1566 795 1599 conformement
819 1570 836 1599 a
856 1566 1027 1612 l’opinion
1055 1565 1097 1599 de
1120 1566 1170 1599 M.
1192 1565 1371 1612 Stapleton
1391 1573 1423 1598 et
1448 1568 1467 1599 ἐι
1492 1565 1575 1599 l'ex-

161 1627 304 1660 cellente
320 1636 412 1660 carte
430 1626 478 1660 du
495 1626 631 1659 diocese
649 1625 691 1659 de
708 1626 846 1659 Lisieux
863 1638 926 1672 par
943 1625 1114 1659 Danville.

208 1687 237 1719 Il
253 1699 275 1733 y
291 1687 381 1719 avait
397 1699 440 1719 au
454 1686 530 1719 Gue
550 1687 725 1731 Beranger
740 1699 808 1719 une
826 1686 913 1719 foire
932 1685 1018 1719 dont
1035 1686 1081 1718 les
1097 1684 1258 1731 produits
1274 1685 1399 1718 etaient
1414 1683 1576 1718 affermes

160 1754 231 1791 sept
247 1746 346 1778 liv-res
362 1758 402 1778 en
428 1747 526 1780 1180.
547 1745 669 1778 C'd—tait
687 1744 780 1778 donc
795 1758 840 1778 un
860 1745 928 1778 lieu
945 1744 988 1778 de
1003 1745 1151 1790 quelque
1166 1745 1395 1791 iinportance.

207 1805 256 1838 M.
284 1805 461 1850 Stnplcton
489 1816 668 1848 remarque
690 1816 772 1837 avec
794 1804 910 1837 raison
932 1805 964 1837 Ia
983 1804 1287 1850 correspondance
1313 1805 1459 1837 existant
1479 1811 1575 1837 entre

166 1863 290 1895 Vadam
322 1865 506 1908 Bet-engerii
532 1872 563 1897 et
591 1864 777 1908 Berengerii
801 1863 892 1907 villa,
918 1875 1002 1896 nom
1026 1862 1069 1896 de
1094 1864 1127 1898 la
1154 1875 1340 1896 commune
1367 1862 1410 1896 de
1438 1863 1574 1895 Bellen-

162 1924 316 1968 greville.

209 1983 297 2015 C'est
323 1982 352 2014 la
377 1995 443 2026 que
471 1982 611 2014 l'arniee
639 1981 807 2026 angevine
824 1993 859 2015 se
879 1990 1001 2015 trouva
1028 1984 1159 2015 arrete'e
1187 1994 1250 2027 par
1283 1983 1314 2015 la
1340 1983 1503 2027 presence
1530 1980 1573 2014 de

164 2040 363 2072 Guillaunie
383 2039 499 2084 (l'Ipre
525 2048 557 2071 et
585 2038 627 2071 de
646 2052 695 2071 svs
708 2038 906 2074 Flaxnands.
928 2040 1001 2072 Ellss
1020 2041 1130 2085 paruit
1145 2053 1167 2086 y
1187 2042 1257 2072 εἵη-6
1276 2052 1386 2072 venue
1402 2039 1444 2072 de
1462 2039 1572 2072 l'Hie-

163 2099 251 2132 mois
268 2112 331 2145 par
345 2099 374 2132 le
389 2098 527 2132 chemin
546 2097 589 2131 de
607 2099 1034 2139 Saint-Pierre-sur-Dive,
1049 2100 1154 2143 quise
1171 2099 1351 2132 reunissnit
1366 2111 1410 2132 au
1423 2098 1499 2131 Gue'
1509 2099 1573 2131 Βέ-

163 2170 287 2203 rangvr
305 2160 415 2191 nieme
438 2170 519 2190 axec
544 2157 631 2190 celui
650 2156 693 2189 de
710 2157 860 2191 Lisieux.
880 2158 914 2191 Si
930 2158 959 2190 16
976 2158 1029 2190 roi
1044 2148 1190 2191 Etienne
1206 2158 1261 2191 cut
1280 2159 1331 2191 ete
1347 2170 1472 2191 encore
1486 2157 1573 2192 dans

162 2217 194 2249 le
212 2229 313 2249 cours
339 2215 382 2249 de
408 2229 470 2248 son
500 2214 701 2261 expedition
731 2228 789 2248 sur
817 2215 997 2257 Mtsssidm„
1027 2217 1074 2249 les
1103 2216 1195 2249 deux
1222 2218 1353 2250 arinees
1378 2217 1573 2250 n'auraient

163 2279 267 2320 gnere
291 2288 339 2321 pu
357 2275 464 2307 evitet·
483 2274 527 2307 de
550 2287 584 2307 se
611 2282 825 2316 rencoutrer,
853 2286 988 2307 comme
1004 2276 1033 2308 16
1052 2286 1243 2320 monarque
1259 2276 1389 2322 anglais
1406 2288 1448 2309 en
1472 2288 1572 2309 mon-

163 2342 217 2368 tra
239 2348 284 2367 un
303 2335 329 2367 si
346 2335 398 2367 vif
411 2333 502 2366 desir
518 2334 548 2366 le
564 2333 652 2366 mois
668 2333 816 2366 suivant.

213 2394 263 2440 (1)
290 2395 339 2428 La
362 2394 524 2440 captivit&
543 2393 585 2426 (16
602 2406 639 2426 66
666 2393 826 2439 seigneur
848 2392 956 2427 datait
977 2392 1024 2427 du
1043 2394 1062 2427 3
1079 2394 1240 2437 octobre;
1262 2396 1326 2429 elle
1344 2394 1460 2429 durait
1477 2393 1571 2429 donc

165 2451 287 2499 depuis
305 2454 382 2498 plus
399 2453 442 2486 (16
458 2453 509 2486 six
526 2453 626 2486 mois.

214 2512 260 2558 (2)
286 2512 663 2545 Moulins-la-Marche.

212 2571 257 2617 (3)
283 2572 523 2605 Bonmoulins.
543 2573 639 2606 Nous
655 2584 764 2605 avons
780 2585 825 2604 vu
848 2572 878 2604 le
895 2570 1033 2604 dernier
1058 2572 1200 2606 heritier
1221 2572 1265 2606 de
1290 2585 1344 2606 ces
1369 2572 1459 2607 deux
1488 2573 1571 2607 chit·

166 2639 267 2665 teanx
283 2632 375 2677 perir
394 2631 479 2664 dans
496 2632 526 2665 16
549 2632 715 2677 naufrage
732 2630 774 2664 de
790 2631 821 2662 la
846 2631 1086 2674 manche-Nes.
1110 2632 1157 2664 Le
1173 2632 1227 2665 roi
1244 2633 1351 2665 Henri
1373 2633 1481 2666 s'etait
1498 2645 1570 2666 em-

166 2694 280 2737 presse
298 2691 339 2725 (16
358 2694 428 2726 s'en
447 2705 606 2738 einparer
623 2701 653 2724 et
671 2691 749 2724 (l'en
775 2690 1034 2736 perfectionner
1054 2691 1102 2724 165
1125 2691 1379 2727 fortifications.
1400 2692 1509 2726 Celles
1526 2691 1570 2726 de

166 2753 395 2786 Bonmoulins
412 2752 600 2799 paraissent
618 2753 726 2785 meme
744 2751 841 2784 avoir
858 2752 910 2784 ete
926 2751 1193 2797 completement
1211 2764 1275 2786 son
1292 2764 1456 2799 ouvrage=
