<?xml version="1.0" encoding="UTF-8"?>
<!DOCTYPE html PUBLIC "-//W3C//DTD XHTML 1.0 Transitional//EN"
    "http://www.w3.org/TR/xhtml1/DTD/xhtml1-transitional.dtd">
<html xmlns="http://www.w3.org/1999/xhtml" xml:lang="en" lang="en">
 <head>
  <title>
</title>
<meta http-equiv="Content-Type" content="text/html;charset=utf-8" />
  <meta name='ocr-system' content='tesseract 3.04.00' />
  <meta name='ocr-capabilities' content='ocr_page ocr_carea ocr_par ocr_line ocrx_word'/>
</head>
<body>
  <div class='ocr_page' id='page_1' title='image "./ordericivitalish05ordeuoft/ordericivitalish05ordeuoft_0247.png"; bbox 0 0 2081 3408; ppageno 0'>
   <div class='ocr_carea' id='block_1_1' title="bbox 226 259 1621 309">
    <p class='ocr_par' dir='ltr' id='par_1_1' title="bbox 226 259 1621 309">
     <span class='ocr_line' id='line_1_1' title="bbox 226 259 1621 309; baseline 0.004 -14"><span class='ocrx_word' id='word_1_1' title='bbox 226 260 264 308; x_wconf 74' lang='lat'>[⁶2</span> <span class='ocrx_word' id='word_1_2' title='bbox 287 259 362 298; x_wconf 84' lang='lat' dir='ltr'>feb.</span> <span class='ocrx_word' id='word_1_3' title='bbox 384 261 500 309; x_wconf 72' lang='lat'>1141]</span> <span class='ocrx_word' id='word_1_4' title='bbox 608 262 750 297; x_wconf 86' lang='lat' dir='ltr'>LIBER</span> <span class='ocrx_word' id='word_1_5' title='bbox 778 262 979 298; x_wconf 88' lang='lat' dir='ltr'>TERTIUS</span> <span class='ocrx_word' id='word_1_6' title='bbox 1008 263 1235 301; x_wconf 75' lang='lat' dir='ltr'><strong>DECIMUS.</strong></span> <span class='ocrx_word' id='word_1_7' title='bbox 1547 266 1621 301; x_wconf 70' lang='lat'>127</span> 
     </span>
    </p>
   </div>
   <div class='ocr_carea' id='block_1_2' title="bbox 187 350 1623 2806">
    <p class='ocr_par' dir='ltr' id='par_1_2' title="bbox 217 350 1623 779">
     <span class='ocr_line' id='line_1_2' title="bbox 223 350 1623 413; baseline 0.003 -18"><span class='ocrx_word' id='word_1_8' title='bbox 223 361 380 396; x_wconf 87' lang='lat' dir='ltr'>autem</span> <span class='ocrx_word' id='word_1_9' title='bbox 423 350 639 412; x_wconf 84' lang='lat' dir='ltr'>princeps</span> <span class='ocrx_word' id='word_1_10' title='bbox 691 350 981 412; x_wconf 77' lang='lat' dir='ltr'>persuasioni</span> <span class='ocrx_word' id='word_1_11' title='bbox 1040 350 1342 413; x_wconf 83' lang='lat' dir='ltr'>prudentium</span> <span class='ocrx_word' id='word_1_12' title='bbox 1393 351 1623 399; x_wconf 85' lang='lat' dir='ltr'>obaudire</span> 
     </span>
     <span class='ocr_line' id='line_1_3' title="bbox 221 425 1619 489; baseline 0.004 -19"><span class='ocrx_word' id='word_1_13' title='bbox 221 427 531 489; x_wconf 80' lang='lat' dir='ltr'>contempsit,</span> <span class='ocrx_word' id='word_1_14' title='bbox 570 435 613 470; x_wconf 89' lang='lat' dir='ltr'>et</span> <span class='ocrx_word' id='word_1_15' title='bbox 637 425 848 489; x_wconf 59' lang='lat' dir='ltr'>pra‘lium</span> <span class='ocrx_word' id='word_1_16' title='bbox 881 443 966 488; x_wconf 86' lang='lat' dir='ltr'>pro</span> <span class='ocrx_word' id='word_1_17' title='bbox 994 427 1147 489; x_wconf 86' lang='lat' dir='ltr'>aliqua</span> <span class='ocrx_word' id='word_1_18' title='bbox 1173 428 1353 473; x_wconf 85' lang='lat' dir='ltr'>ratione</span> <span class='ocrx_word' id='word_1_19' title='bbox 1390 428 1619 475; x_wconf 87' lang='lat' dir='ltr'>induciari</span> 
     </span>
     <span class='ocr_line' id='line_1_4' title="bbox 220 502 1619 566; baseline 0.004 -19"><span class='ocrx_word' id='word_1_20' title='bbox 220 503 468 563; x_wconf 78' lang='lat' dir='ltr'>indignum</span> <span class='ocrx_word' id='word_1_21' title='bbox 509 502 668 559; x_wconf 80' lang='lat' dir='ltr'>duxit,</span> <span class='ocrx_word' id='word_1_22' title='bbox 706 502 785 548; x_wconf 84' lang='lat' dir='ltr'>sed</span> <span class='ocrx_word' id='word_1_23' title='bbox 832 505 1044 566; x_wconf 80' lang='lat' dir='ltr'>protinus</span> <span class='ocrx_word' id='word_1_24' title='bbox 1080 521 1187 550; x_wconf 84' lang='lat' dir='ltr'>suos</span> <span class='ocrx_word' id='word_1_25' title='bbox 1226 505 1286 550; x_wconf 84' lang='lat' dir='ltr'>ad</span> <span class='ocrx_word' id='word_1_26' title='bbox 1334 505 1508 552; x_wconf 84' lang='lat' dir='ltr'>bellum</span> <span class='ocrx_word' id='word_1_27' title='bbox 1536 523 1619 553; x_wconf 86' lang='lat' dir='ltr'>ar·-</span> 
     </span>
     <span class='ocr_line' id='line_1_5' title="bbox 220 581 1615 646; baseline 0.004 -22"><span class='ocrx_word' id='word_1_28' title='bbox 220 581 336 625; x_wconf 90' lang='lat' dir='ltr'>mari</span> <span class='ocrx_word' id='word_1_29' title='bbox 357 581 592 643; x_wconf 58' lang='lat' dir='ltr'>prafccpit.</span> <span class='ocrx_word' id='word_1_30' title='bbox 613 581 742 625; x_wconf 63' lang='lat' dir='ltr'>Acies</span> <span class='ocrx_word' id='word_1_31' title='bbox 764 581 903 641; x_wconf 69' lang='lat' dir='ltr'>igitur</span> <span class='ocrx_word' id='word_1_32' title='bbox 930 591 1246 643; x_wconf 76' lang='lat' dir='ltr'>pugnatorum</span> <span class='ocrx_word' id='word_1_33' title='bbox 1276 600 1423 646; x_wconf 86' lang='lat' dir='ltr'>prope</span> <span class='ocrx_word' id='word_1_34' title='bbox 1448 584 1615 630; x_wconf 86' lang='lat' dir='ltr'>urbem</span> 
     </span>
     <span class='ocr_line' id='line_1_6' title="bbox 218 657 1616 721; baseline 0.004 -19"><span class='ocrx_word' id='word_1_35' title='bbox 218 667 567 713; x_wconf 74' lang='lat' dir='ltr'>convenerunt,</span> <span class='ocrx_word' id='word_1_36' title='bbox 617 667 659 702; x_wconf 88' lang='lat' dir='ltr'>et</span> <span class='ocrx_word' id='word_1_37' title='bbox 701 657 926 703; x_wconf 84' lang='lat' dir='ltr'>ordinatis</span> <span class='ocrx_word' id='word_1_38' title='bbox 966 659 1185 721; x_wconf 84' lang='lat' dir='ltr'>utrinque</span> <span class='ocrx_word' id='word_1_39' title='bbox 1229 661 1394 706; x_wconf 84' lang='lat' dir='ltr'>turmis</span> <span class='ocrx_word' id='word_1_40' title='bbox 1439 660 1616 708; x_wconf 85' lang='lat' dir='ltr'>bellum</span> 
     </span>
     <span class='ocr_line' id='line_1_7' title="bbox 217 734 572 779; baseline -0.003 0"><span class='ocrx_word' id='word_1_41' title='bbox 217 734 572 779; x_wconf 82' lang='lat' dir='ltr'>commiserunt.</span> 
     </span>
    </p>

    <p class='ocr_par' dir='ltr' id='par_1_3' title="bbox 200 812 1617 1951">
     <span class='ocr_line' id='line_1_8' title="bbox 279 812 1617 874; baseline 0.005 -19"><span class='ocrx_word' id='word_1_42' title='bbox 279 813 387 856; x_wconf 83' lang='lat' dir='ltr'>Tres</span> <span class='ocrx_word' id='word_1_43' title='bbox 444 812 665 856; x_wconf 79' lang='lat' dir='ltr'>nimirum</span> <span class='ocrx_word' id='word_1_44' title='bbox 720 812 940 857; x_wconf 85' lang='lat' dir='ltr'>cohortes</span> <span class='ocrx_word' id='word_1_45' title='bbox 986 812 1072 857; x_wconf 85' lang='lat' dir='ltr'>sibi</span> <span class='ocrx_word' id='word_1_46' title='bbox 1127 829 1203 858; x_wconf 75' lang='lat' dir='ltr'>rex</span> <span class='ocrx_word' id='word_1_47' title='bbox 1249 815 1518 874; x_wconf 83' lang='lat' dir='ltr'>constituit,</span> <span class='ocrx_word' id='word_1_48' title='bbox 1571 826 1617 862; x_wconf 87' lang='lat' dir='ltr'>et</span> 
     </span>
     <span class='ocr_line' id='line_1_9' title="bbox 216 887 1613 955; baseline 0.005 -24"><span class='ocrx_word' id='word_1_49' title='bbox 216 896 306 932; x_wconf 83' lang='lat' dir='ltr'>tres</span> <span class='ocrx_word' id='word_1_50' title='bbox 338 887 645 932; x_wconf 83' lang='lat' dir='ltr'>nihilominus</span> <span class='ocrx_word' id='word_1_51' title='bbox 679 889 909 933; x_wconf 85' lang='lat' dir='ltr'>contraria</span> <span class='ocrx_word' id='word_1_52' title='bbox 948 904 1055 951; x_wconf 85' lang='lat' dir='ltr'>pars</span> <span class='ocrx_word' id='word_1_53' title='bbox 1089 890 1342 936; x_wconf 83' lang='lat' dir='ltr'>ordinavit.</span> <span class='ocrx_word' id='word_1_54' title='bbox 1373 894 1423 937; x_wconf 86' lang='lat' dir='ltr'>In</span> <span class='ocrx_word' id='word_1_55' title='bbox 1463 893 1613 955; x_wconf 87' lang='lat' dir='ltr'>prima</span> 
     </span>
     <span class='ocr_line' id='line_1_10' title="bbox 215 965 1609 1029; baseline 0.006 -21"><span class='ocrx_word' id='word_1_56' title='bbox 215 965 365 1009; x_wconf 83' lang='lat' dir='ltr'>fronte</span> <span class='ocrx_word' id='word_1_57' title='bbox 395 965 557 1026; x_wconf 70' lang='lat' dir='ltr'>regalis</span> <span class='ocrx_word' id='word_1_58' title='bbox 589 966 817 1010; x_wconf 80' lang='lat' dir='ltr'>exercitus</span> <span class='ocrx_word' id='word_1_59' title='bbox 848 965 1091 1011; x_wconf 72' lang='lat' dir='ltr'>Flandritze</span> <span class='ocrx_word' id='word_1_60' title='bbox 1131 976 1175 1012; x_wconf 90' lang='lat' dir='ltr'>et</span> <span class='ocrx_word' id='word_1_61' title='bbox 1205 968 1416 1013; x_wconf 67' lang='lat' dir='ltr'>britones</span> <span class='ocrx_word' id='word_1_62' title='bbox 1455 981 1609 1029; x_wconf 74' lang='lat' dir='ltr'>erant,</span> 
     </span>
     <span class='ocr_line' id='line_1_11' title="bbox 212 1041 1610 1109; baseline 0.004 -23"><span class='ocrx_word' id='word_1_63' title='bbox 212 1041 382 1103; x_wconf 75' lang='lat' dir='ltr'>quibus</span> <span class='ocrx_word' id='word_1_64' title='bbox 400 1041 675 1086; x_wconf 79' lang='lat' dir='ltr'>Guillelmus</span> <span class='ocrx_word' id='word_1_65' title='bbox 702 1041 760 1086; x_wconf 87' lang='lat' dir='ltr'>de</span> <span class='ocrx_word' id='word_1_66' title='bbox 783 1045 891 1105; x_wconf 83' lang='lat' dir='ltr'>Ipro</span> <span class='ocrx_word' id='word_1_67' title='bbox 918 1052 961 1087; x_wconf 91' lang='lat' dir='ltr'>et</span> <span class='ocrx_word' id='word_1_68' title='bbox 983 1041 1188 1088; x_wconf 78' lang='lat' dir='ltr'>Alannus</span> <span class='ocrx_word' id='word_1_69' title='bbox 1213 1043 1270 1089; x_wconf 90' lang='lat' dir='ltr'>de</span> <span class='ocrx_word' id='word_1_70' title='bbox 1296 1045 1467 1091; x_wconf 84' lang='lat' dir='ltr'>Dinam</span> <span class='ocrx_word' id='word_1_71' title='bbox 1492 1064 1610 1109; x_wconf 69' lang='lat' dir='ltr'>pra:-</span> 
     </span>
     <span class='ocr_line' id='line_1_12' title="bbox 211 1119 1606 1183; baseline 0.004 -20"><span class='ocrx_word' id='word_1_72' title='bbox 211 1129 356 1164; x_wconf 90' lang='lat' dir='ltr'>erant.</span> <span class='ocrx_word' id='word_1_73' title='bbox 383 1122 417 1163; x_wconf 88' lang='lat' dir='ltr'>E</span> <span class='ocrx_word' id='word_1_74' title='bbox 443 1129 608 1165; x_wconf 84' lang='lat' dir='ltr'>contra</span> <span class='ocrx_word' id='word_1_75' title='bbox 638 1135 808 1165; x_wconf 71' lang='lat' dir='ltr'>vesana</span> <span class='ocrx_word' id='word_1_76' title='bbox 841 1119 1099 1165; x_wconf 86' lang='lat' dir='ltr'>Gualorum</span> <span class='ocrx_word' id='word_1_77' title='bbox 1129 1130 1316 1167; x_wconf 85' lang='lat' dir='ltr'>caterva</span> <span class='ocrx_word' id='word_1_78' title='bbox 1342 1123 1606 1183; x_wconf 77' lang='lat' dir='ltr'>constabat,</span> 
     </span>
     <span class='ocr_line' id='line_1_13' title="bbox 210 1195 1606 1262; baseline 0.003 -20"><span class='ocrx_word' id='word_1_79' title='bbox 210 1195 380 1259; x_wconf 81' lang='lat' dir='ltr'>quibus</span> <span class='ocrx_word' id='word_1_80' title='bbox 401 1196 498 1241; x_wconf 86' lang='lat' dir='ltr'>duo</span> <span class='ocrx_word' id='word_1_81' title='bbox 527 1195 688 1242; x_wconf 84' lang='lat' dir='ltr'>fratres</span> <span class='ocrx_word' id='word_1_82' title='bbox 721 1197 982 1242; x_wconf 82' lang='lat' dir='ltr'>Mariadoth</span> <span class='ocrx_word' id='word_1_83' title='bbox 1010 1207 1054 1243; x_wconf 89' lang='lat' dir='ltr'>et</span> <span class='ocrx_word' id='word_1_84' title='bbox 1080 1197 1326 1243; x_wconf 84' lang='lat' dir='ltr'>Kaladrius</span> <span class='ocrx_word' id='word_1_85' title='bbox 1358 1210 1606 1262; x_wconf 81' lang='lat' dir='ltr'>praeerant.</span> 
     </span>
     <span class='ocr_line' id='line_1_14' title="bbox 212 1273 1610 1338; baseline 0.004 -21"><span class='ocrx_word' id='word_1_86' title='bbox 212 1275 301 1318; x_wconf 75' lang='lat' dir='ltr'>Rex</span> <span class='ocrx_word' id='word_1_87' title='bbox 327 1273 425 1336; x_wconf 78' lang='lat' dir='ltr'>ipse</span> <span class='ocrx_word' id='word_1_88' title='bbox 449 1290 557 1317; x_wconf 86' lang='lat' dir='ltr'>cum</span> <span class='ocrx_word' id='word_1_89' title='bbox 581 1273 863 1335; x_wconf 78' lang='lat' dir='ltr'>quibusdam</span> <span class='ocrx_word' id='word_1_90' title='bbox 887 1273 1030 1336; x_wconf 87' lang='lat' dir='ltr'>pedes</span> <span class='ocrx_word' id='word_1_91' title='bbox 1053 1274 1313 1333; x_wconf 79' lang='lat' dir='ltr'>descendit,</span> <span class='ocrx_word' id='word_1_92' title='bbox 1344 1283 1386 1320; x_wconf 77' lang='lat' dir='ltr'>et</span> <span class='ocrx_word' id='word_1_93' title='bbox 1412 1293 1499 1338; x_wconf 84' lang='lat' dir='ltr'>pro</span> <span class='ocrx_word' id='word_1_94' title='bbox 1518 1277 1610 1323; x_wconf 80' lang='lat' dir='ltr'>vita</span> 
     </span>
     <span class='ocr_line' id='line_1_15' title="bbox 206 1351 1607 1416; baseline 0.004 -22"><span class='ocrx_word' id='word_1_95' title='bbox 206 1366 289 1395; x_wconf 89' lang='lat' dir='ltr'>sua</span> <span class='ocrx_word' id='word_1_96' title='bbox 324 1351 547 1412; x_wconf 79' lang='lat' dir='ltr'>regnique</span> <span class='ocrx_word' id='word_1_97' title='bbox 586 1352 657 1395; x_wconf 83' lang='lat' dir='ltr'>sui</span> <span class='ocrx_word' id='word_1_98' title='bbox 697 1361 815 1396; x_wconf 88' lang='lat' dir='ltr'>statu</span> <span class='ocrx_word' id='word_1_99' title='bbox 848 1351 1025 1396; x_wconf 84' lang='lat' dir='ltr'>fortiter</span> <span class='ocrx_word' id='word_1_100' title='bbox 1059 1353 1302 1416; x_wconf 73' lang='lat' dir='ltr'>pugnavit.</span> <span class='ocrx_word' id='word_1_101' title='bbox 1348 1354 1607 1401; x_wconf 83' lang='lat' dir='ltr'>Rannulfus</span> 
     </span>
     <span class='ocr_line' id='line_1_16' title="bbox 205 1430 1608 1493; baseline 0.004 -21"><span class='ocrx_word' id='word_1_102' title='bbox 205 1437 360 1473; x_wconf 87' lang='lat' dir='ltr'>autem</span> <span class='ocrx_word' id='word_1_103' title='bbox 384 1444 541 1473; x_wconf 88' lang='lat' dir='ltr'>comes</span> <span class='ocrx_word' id='word_1_104' title='bbox 557 1444 580 1472; x_wconf 91' lang='lat' dir='ltr'>e</span> <span class='ocrx_word' id='word_1_105' title='bbox 601 1437 765 1473; x_wconf 79' lang='lat' dir='ltr'>contra</span> <span class='ocrx_word' id='word_1_106' title='bbox 789 1444 897 1473; x_wconf 85' lang='lat' dir='ltr'>cum</span> <span class='ocrx_word' id='word_1_107' title='bbox 920 1430 1116 1474; x_wconf 77' lang='lat' dir='ltr'>catervis</span> <span class='ocrx_word' id='word_1_108' title='bbox 1140 1430 1233 1474; x_wconf 85' lang='lat' dir='ltr'>suis</span> <span class='ocrx_word' id='word_1_109' title='bbox 1252 1430 1393 1493; x_wconf 88' lang='lat' dir='ltr'>pedes</span> <span class='ocrx_word' id='word_1_110' title='bbox 1414 1430 1608 1477; x_wconf 81' lang='lat' dir='ltr'>descen-</span> 
     </span>
     <span class='ocr_line' id='line_1_17' title="bbox 205 1505 1603 1572; baseline 0.003 -22"><span class='ocrx_word' id='word_1_111' title='bbox 205 1505 303 1561; x_wconf 80' lang='lat' dir='ltr'>dit,</span> <span class='ocrx_word' id='word_1_112' title='bbox 343 1514 387 1551; x_wconf 86' lang='lat' dir='ltr'>et</span> <span class='ocrx_word' id='word_1_113' title='bbox 411 1505 672 1551; x_wconf 77' lang='lat' dir='ltr'>animosam</span> <span class='ocrx_word' id='word_1_114' title='bbox 706 1506 939 1565; x_wconf 67' lang='lat' dir='ltr'>legionem</span> <span class='ocrx_word' id='word_1_115' title='bbox 963 1508 1279 1553; x_wconf 86' lang='lat' dir='ltr'>Cestrensium</span> <span class='ocrx_word' id='word_1_116' title='bbox 1306 1509 1519 1572; x_wconf 88' lang='lat' dir='ltr'>peditum</span> <span class='ocrx_word' id='word_1_117' title='bbox 1544 1510 1603 1556; x_wconf 89' lang='lat' dir='ltr'>ad</span> 
     </span>
     <span class='ocr_line' id='line_1_18' title="bbox 204 1583 1603 1644; baseline 0.004 -17"><span class='ocrx_word' id='word_1_118' title='bbox 204 1593 403 1644; x_wconf 79' lang='lat' dir='ltr'>stragem</span> <span class='ocrx_word' id='word_1_119' title='bbox 418 1583 679 1628; x_wconf 84' lang='lat' dir='ltr'>faciendam</span> <span class='ocrx_word' id='word_1_120' title='bbox 691 1583 951 1629; x_wconf 82' lang='lat' dir='ltr'>admodum</span> <span class='ocrx_word' id='word_1_121' title='bbox 967 1584 1310 1631; x_wconf 78' lang='lat' dir='ltr'>corroboravit.</span> <span class='ocrx_word' id='word_1_122' title='bbox 1338 1586 1603 1633; x_wconf 85' lang='lat' dir='ltr'>Rodbertus</span> 
     </span>
     <span class='ocr_line' id='line_1_19' title="bbox 201 1659 1603 1723; baseline 0.003 -19"><span class='ocrx_word' id='word_1_123' title='bbox 201 1675 312 1704; x_wconf 64' lang='lat' dir='ltr'>vero</span> <span class='ocrx_word' id='word_1_124' title='bbox 337 1659 498 1705; x_wconf 86' lang='lat' dir='ltr'>consul</span> <span class='ocrx_word' id='word_1_125' title='bbox 521 1660 822 1719; x_wconf 76' lang='lat' dir='ltr'>Gloucestrae,</span> <span class='ocrx_word' id='word_1_126' title='bbox 851 1661 928 1723; x_wconf 88' lang='lat' dir='ltr'>qui</span> <span class='ocrx_word' id='word_1_127' title='bbox 955 1661 1185 1707; x_wconf 82' lang='lat' dir='ltr'>maximus</span> <span class='ocrx_word' id='word_1_128' title='bbox 1215 1671 1313 1707; x_wconf 85' lang='lat' dir='ltr'>erat</span> <span class='ocrx_word' id='word_1_129' title='bbox 1349 1663 1394 1707; x_wconf 87' lang='lat' dir='ltr'>in</span> <span class='ocrx_word' id='word_1_130' title='bbox 1422 1663 1498 1708; x_wconf 86' lang='lat' dir='ltr'>illa</span> <span class='ocrx_word' id='word_1_131' title='bbox 1525 1679 1603 1708; x_wconf 87' lang='lat' dir='ltr'>ex-</span> 
     </span>
     <span class='ocr_line' id='line_1_20' title="bbox 202 1736 1601 1802; baseline 0.002 -21"><span class='ocrx_word' id='word_1_132' title='bbox 202 1736 461 1799; x_wconf 79' lang='lat' dir='ltr'>peditione,</span> <span class='ocrx_word' id='word_1_133' title='bbox 488 1737 865 1799; x_wconf 83' lang='lat' dir='ltr'>Bassianisjussit</span> <span class='ocrx_word' id='word_1_134' title='bbox 890 1737 1082 1800; x_wconf 89' lang='lat' dir='ltr'>aliisque</span> <span class='ocrx_word' id='word_1_135' title='bbox 1110 1738 1403 1784; x_wconf 72' lang='lat' dir='ltr'>exheredatis</span> <span class='ocrx_word' id='word_1_136' title='bbox 1432 1749 1479 1784; x_wconf 89' lang='lat' dir='ltr'>ut</span> <span class='ocrx_word' id='word_1_137' title='bbox 1514 1740 1601 1802; x_wconf 86' lang='lat' dir='ltr'>ipsi</span> 
     </span>
     <span class='ocr_line' id='line_1_21' title="bbox 200 1814 1599 1879; baseline 0.003 -20"><span class='ocrx_word' id='word_1_138' title='bbox 200 1831 287 1876; x_wconf 89' lang='lat' dir='ltr'>pro</span> <span class='ocrx_word' id='word_1_139' title='bbox 317 1814 669 1877; x_wconf 82' lang='lat' dir='ltr'>recuperatione</span> <span class='ocrx_word' id='word_1_140' title='bbox 693 1831 884 1860; x_wconf 85' lang='lat' dir='ltr'>suarum</span> <span class='ocrx_word' id='word_1_141' title='bbox 910 1814 1246 1874; x_wconf 84' lang='lat' dir='ltr'>hereditatum,</span> <span class='ocrx_word' id='word_1_142' title='bbox 1276 1832 1394 1879; x_wconf 86' lang='lat' dir='ltr'>quas</span> <span class='ocrx_word' id='word_1_143' title='bbox 1422 1817 1599 1863; x_wconf 86' lang='lat' dir='ltr'>calum-</span> 
     </span>
     <span class='ocr_line' id='line_1_22' title="bbox 200 1892 1192 1951; baseline 0 -15"><span class='ocrx_word' id='word_1_144' title='bbox 200 1892 464 1951; x_wconf 75' lang='lat' dir='ltr'>niabantur⁷</span> <span class='ocrx_word' id='word_1_145' title='bbox 492 1892 718 1938; x_wconf 85' lang='lat' dir='ltr'>haberent</span> <span class='ocrx_word' id='word_1_146' title='bbox 744 1892 886 1937; x_wconf 87' lang='lat' dir='ltr'>ictum</span> <span class='ocrx_word' id='word_1_147' title='bbox 909 1893 1192 1938; x_wconf 80' lang='lat' dir='ltr'>certaminis.</span> 
     </span>
    </p>

    <p class='ocr_par' dir='ltr' id='par_1_4' title="bbox 187 1969 1598 2806">
     <span class='ocr_line' id='line_1_23' title="bbox 264 1969 1596 2032; baseline 0.002 -19"><span class='ocrx_word' id='word_1_148' title='bbox 264 1972 313 2013; x_wconf 90' lang='lat' dir='ltr'>In</span> <span class='ocrx_word' id='word_1_149' title='bbox 339 1970 500 2032; x_wconf 85' lang='lat' dir='ltr'>primis</span> <span class='ocrx_word' id='word_1_150' title='bbox 526 1969 745 2030; x_wconf 78' lang='lat' dir='ltr'>utrinque</span> <span class='ocrx_word' id='word_1_151' title='bbox 769 1969 992 2013; x_wconf 83' lang='lat' dir='ltr'>acerrime</span> <span class='ocrx_word' id='word_1_152' title='bbox 1020 1978 1280 2031; x_wconf 77' lang='lat' dir='ltr'>pugnatum</span> <span class='ocrx_word' id='word_1_153' title='bbox 1305 1979 1390 2025; x_wconf 86' lang='lat' dir='ltr'>est,</span> <span class='ocrx_word' id='word_1_154' title='bbox 1419 1980 1463 2014; x_wconf 87' lang='lat' dir='ltr'>et</span> <span class='ocrx_word' id='word_1_155' title='bbox 1491 1969 1596 2032; x_wconf 88' lang='lat' dir='ltr'>plu-</span> 
     </span>
     <span class='ocr_line' id='line_1_24' title="bbox 198 2044 1598 2109; baseline 0.001 -19"><span class='ocrx_word' id='word_1_156' title='bbox 198 2047 342 2091; x_wconf 86' lang='lat' dir='ltr'>rimus</span> <span class='ocrx_word' id='word_1_157' title='bbox 365 2046 613 2090; x_wconf 84' lang='lat' dir='ltr'>hominum</span> <span class='ocrx_word' id='word_1_158' title='bbox 640 2045 825 2105; x_wconf 74' lang='lat' dir='ltr'>sanguis</span> <span class='ocrx_word' id='word_1_159' title='bbox 846 2044 1018 2089; x_wconf 75' lang='lat' dir='ltr'>effusus</span> <span class='ocrx_word' id='word_1_160' title='bbox 1033 2055 1115 2090; x_wconf 88' lang='lat' dir='ltr'>est.</span> <span class='ocrx_word' id='word_1_161' title='bbox 1144 2048 1192 2089; x_wconf 90' lang='lat' dir='ltr'>ln</span> <span class='ocrx_word' id='word_1_162' title='bbox 1214 2047 1332 2106; x_wconf 73' lang='lat' dir='ltr'>regis</span> <span class='ocrx_word' id='word_1_163' title='bbox 1368 2046 1467 2091; x_wconf 90' lang='lat' dir='ltr'>acie</span> <span class='ocrx_word' id='word_1_164' title='bbox 1486 2063 1598 2109; x_wconf 70' lang='lat' dir='ltr'>prze-</span> 
     </span>
     <span class='ocr_line' id='line_1_25' title="bbox 197 2120 1596 2186; baseline 0 -18"><span class='ocrx_word' id='word_1_165' title='bbox 197 2124 319 2186; x_wconf 86' lang='lat' dir='ltr'>cipui</span> <span class='ocrx_word' id='word_1_166' title='bbox 352 2122 518 2167; x_wconf 85' lang='lat' dir='ltr'>milites</span> <span class='ocrx_word' id='word_1_167' title='bbox 550 2121 761 2179; x_wconf 72' lang='lat' dir='ltr'>suerunt:7</span> <span class='ocrx_word' id='word_1_168' title='bbox 795 2120 876 2165; x_wconf 90' lang='lat' dir='ltr'>sed</span> <span class='ocrx_word' id='word_1_169' title='bbox 906 2120 1064 2166; x_wconf 83' lang='lat' dir='ltr'>hostes</span> <span class='ocrx_word' id='word_1_170' title='bbox 1105 2122 1248 2166; x_wconf 86' lang='lat' dir='ltr'>nimia</span> <span class='ocrx_word' id='word_1_171' title='bbox 1292 2122 1596 2168; x_wconf 87' lang='lat' dir='ltr'>multitudine</span> 
     </span>
     <span class='ocr_line' id='line_1_26' title="bbox 194 2197 1594 2264; baseline 0 -19"><span class='ocrx_word' id='word_1_172' title='bbox 194 2201 406 2264; x_wconf 88' lang='lat' dir='ltr'>peditum</span> <span class='ocrx_word' id='word_1_173' title='bbox 426 2210 469 2244; x_wconf 83' lang='lat' dir='ltr'>et</span> <span class='ocrx_word' id='word_1_174' title='bbox 493 2199 753 2244; x_wconf 83' lang='lat' dir='ltr'>Gualorum</span> <span class='ocrx_word' id='word_1_175' title='bbox 780 2197 1137 2260; x_wconf 67' lang='lat' dir='ltr'>przevaluerunt.</span> <span class='ocrx_word' id='word_1_176' title='bbox 1175 2200 1294 2243; x_wconf 87' lang='lat' dir='ltr'>Sane</span> <span class='ocrx_word' id='word_1_177' title='bbox 1317 2198 1594 2245; x_wconf 84' lang='lat' dir='ltr'>Guillelmus</span> 
     </span>
     <span class='ocr_line' id='line_1_27' title="bbox 194 2273 1594 2340; baseline -0.001 -17"><span class='ocrx_word' id='word_1_178' title='bbox 194 2278 252 2323; x_wconf 89' lang='lat' dir='ltr'>de</span> <span class='ocrx_word' id='word_1_179' title='bbox 272 2281 379 2340; x_wconf 84' lang='lat' dir='ltr'>Ipro</span> <span class='ocrx_word' id='word_1_180' title='bbox 399 2293 507 2322; x_wconf 90' lang='lat' dir='ltr'>cum</span> <span class='ocrx_word' id='word_1_181' title='bbox 525 2273 885 2320; x_wconf 80' lang='lat' dir='ltr'>Flandrensibus</span> <span class='ocrx_word' id='word_1_182' title='bbox 909 2284 951 2318; x_wconf 86' lang='lat' dir='ltr'>et</span> <span class='ocrx_word' id='word_1_183' title='bbox 966 2273 1171 2319; x_wconf 73' lang='lat' dir='ltr'>Alannus</span> <span class='ocrx_word' id='word_1_184' title='bbox 1192 2291 1301 2319; x_wconf 89' lang='lat' dir='ltr'>cum</span> <span class='ocrx_word' id='word_1_185' title='bbox 1327 2275 1594 2321; x_wconf 84' lang='lat' dir='ltr'>Britonibus</span> 
     </span>
     <span class='ocr_line' id='line_1_28' title="bbox 192 2350 1594 2418; baseline -0.001 -18"><span class='ocrx_word' id='word_1_186' title='bbox 192 2355 331 2418; x_wconf 82' lang='lat' dir='ltr'>primi</span> <span class='ocrx_word' id='word_1_187' title='bbox 359 2364 487 2415; x_wconf 75' lang='lat' dir='ltr'>terga</span> <span class='ocrx_word' id='word_1_188' title='bbox 511 2352 760 2407; x_wconf 82' lang='lat' dir='ltr'>dederunt,</span> <span class='ocrx_word' id='word_1_189' title='bbox 789 2360 831 2395; x_wconf 88' lang='lat' dir='ltr'>et</span> <span class='ocrx_word' id='word_1_190' title='bbox 856 2350 1071 2395; x_wconf 84' lang='lat' dir='ltr'>inimicos</span> <span class='ocrx_word' id='word_1_191' title='bbox 1096 2351 1404 2397; x_wconf 83' lang='lat' dir='ltr'>animosiores</span> <span class='ocrx_word' id='word_1_192' title='bbox 1425 2352 1594 2398; x_wconf 89' lang='lat' dir='ltr'>socios-</span> 
     </span>
     <span class='ocr_line' id='line_1_29' title="bbox 192 2427 1589 2493; baseline -0.001 -17"><span class='ocrx_word' id='word_1_193' title='bbox 192 2448 282 2493; x_wconf 86' lang='lat' dir='ltr'>que</span> <span class='ocrx_word' id='word_1_194' title='bbox 301 2427 1041 2476; x_wconf 84' lang='lat' dir='ltr'>formidolosioresreddiderunt.</span> <span class='ocrx_word' id='word_1_195' title='bbox 1071 2430 1120 2472; x_wconf 89' lang='lat' dir='ltr'>In</span> <span class='ocrx_word' id='word_1_196' title='bbox 1140 2428 1217 2473; x_wconf 91' lang='lat' dir='ltr'>illo</span> <span class='ocrx_word' id='word_1_197' title='bbox 1236 2429 1457 2474; x_wconf 78' lang='lat' dir='ltr'>conflictu</span> <span class='ocrx_word' id='word_1_198' title='bbox 1483 2446 1589 2493; x_wconf 82' lang='lat' dir='ltr'>per-</span> 
     </span>
     <span class='ocr_line' id='line_1_30' title="bbox 192 2505 1588 2570; baseline -0.001 -17"><span class='ocrx_word' id='word_1_199' title='bbox 192 2509 301 2555; x_wconf 83' lang='lat' dir='ltr'>fidia</span> <span class='ocrx_word' id='word_1_200' title='bbox 325 2509 539 2570; x_wconf 84' lang='lat' dir='ltr'>nequiter</span> <span class='ocrx_word' id='word_1_201' title='bbox 561 2506 849 2553; x_wconf 76' lang='lat' dir='ltr'>debacchata</span> <span class='ocrx_word' id='word_1_202' title='bbox 871 2514 953 2550; x_wconf 83' lang='lat' dir='ltr'>est.</span> <span class='ocrx_word' id='word_1_203' title='bbox 981 2507 1096 2549; x_wconf 77' lang='lat' dir='ltr'>Nam</span> <span class='ocrx_word' id='word_1_204' title='bbox 1122 2505 1315 2567; x_wconf 85' lang='lat' dir='ltr'>quidam</span> <span class='ocrx_word' id='word_1_205' title='bbox 1342 2516 1588 2568; x_wconf 84' lang='lat' dir='ltr'>magnato-</span> 
     </span>
     <span class='ocr_line' id='line_1_31' title="bbox 191 2583 1589 2649; baseline -0.001 -16"><span class='ocrx_word' id='word_1_206' title='bbox 191 2605 296 2634; x_wconf 87' lang='lat' dir='ltr'>rum</span> <span class='ocrx_word' id='word_1_207' title='bbox 322 2604 429 2632; x_wconf 90' lang='lat' dir='ltr'>cum</span> <span class='ocrx_word' id='word_1_208' title='bbox 467 2586 627 2649; x_wconf 86' lang='lat' dir='ltr'>paucis</span> <span class='ocrx_word' id='word_1_209' title='bbox 651 2601 845 2630; x_wconf 84' lang='lat' dir='ltr'>suorum</span> <span class='ocrx_word' id='word_1_210' title='bbox 870 2583 966 2644; x_wconf 76' lang='lat' dir='ltr'>regi</span> <span class='ocrx_word' id='word_1_211' title='bbox 989 2583 1196 2629; x_wconf 86' lang='lat' dir='ltr'>comitati</span> <span class='ocrx_word' id='word_1_212' title='bbox 1219 2594 1344 2643; x_wconf 79' lang='lat' dir='ltr'>sunt,</span> <span class='ocrx_word' id='word_1_213' title='bbox 1372 2602 1589 2631; x_wconf 87' lang='lat' dir='ltr'>suorum-</span> 
     </span>
     <span class='ocr_line' id='line_1_32' title="bbox 190 2659 1586 2726; baseline -0.001 -17"><span class='ocrx_word' id='word_1_214' title='bbox 190 2681 280 2726; x_wconf 85' lang='lat' dir='ltr'>que</span> <span class='ocrx_word' id='word_1_215' title='bbox 316 2662 565 2709; x_wconf 84' lang='lat' dir='ltr'>satellitum</span> <span class='ocrx_word' id='word_1_216' title='bbox 610 2671 811 2706; x_wconf 86' lang='lat' dir='ltr'>turmam</span> <span class='ocrx_word' id='word_1_217' title='bbox 848 2659 1122 2705; x_wconf 83' lang='lat' dir='ltr'>adversariis</span> <span class='ocrx_word' id='word_1_218' title='bbox 1172 2670 1223 2705; x_wconf 89' lang='lat' dir='ltr'>ut</span> <span class='ocrx_word' id='word_1_219' title='bbox 1279 2662 1586 2724; x_wconf 69' lang='lat' dir='ltr'>praevalerent</span> 
     </span>
     <span class='ocr_line' id='line_1_33' title="bbox 187 2736 1583 2806; baseline -0.001 -19"><span class='ocrx_word' id='word_1_220' title='bbox 187 2741 524 2806; x_wconf 60' lang='lat' dir='ltr'>praemiserunt.</span> <span class='ocrx_word' id='word_1_221' title='bbox 562 2740 636 2784; x_wconf 82' lang='lat' dir='ltr'>Sic</span> <span class='ocrx_word' id='word_1_222' title='bbox 669 2738 891 2784; x_wconf 83' lang='lat' dir='ltr'>nimirum</span> <span class='ocrx_word' id='word_1_223' title='bbox 918 2736 1114 2782; x_wconf 87' lang='lat' dir='ltr'>domino</span> <span class='ocrx_word' id='word_1_224' title='bbox 1145 2754 1231 2783; x_wconf 90' lang='lat' dir='ltr'>suo</span> <span class='ocrx_word' id='word_1_225' title='bbox 1269 2737 1413 2784; x_wconf 77' lang='lat' dir='ltr'>fidem</span> <span class='ocrx_word' id='word_1_226' title='bbox 1450 2755 1583 2785; x_wconf 86' lang='lat' dir='ltr'>suam</span> 
     </span>
    </p>
   </div>
  </div>
 </body>
</html>
