2081 3408
771 256 1035 294 APPENDIX.
1524 257 1541 292 1
1551 256 1593 293 81

203 345 326 390 Clara,
347 344 521 382 Galterus
540 343 586 381 de
608 342 830 393 Hispannia,
854 343 1077 380 Guillelmus
1104 343 1151 381 de
1172 342 1319 390 Paceio,
1344 342 1531 381 Robertus
1554 343 1601 381 de

202 406 408 453 Reniileic),
443 405 629 444 Geroldus
660 406 908 453 Gastinellus‚
940 405 1169 443 Gillebertus
1198 406 1349 443 Toroldi
1380 406 1492 452 filius,
1521 409 1600 444 Ro-

202 481 314 520 gerus
337 468 382 506 de
402 472 614 519 Mucegr05‚
637 476 672 505 et
695 468 869 505 Galterus
899 468 945 505 de
965 468 1081 506 Calvo
1100 471 1226 506 Monte
1247 477 1282 506 et
1304 469 1412 506 multi
1440 468 1517 505 alii.

257 531 418 570 Chartal.
446 534 484 570 S.
506 530 675 579 Ehruffi,
702 539 727 567 t.
751 533 788 567 11
803 559 812 576 ‚
834 538 874 568 n⁰
895 532 985 571 685.

834 770 865 810 v
897 775 965 822 (1).

607 923 828 955 MIRACULUM
856 924 987 953 SANCTI
1016 924 1188 954 EBRULFI.

818 1038 863 1071 (c.
886 1038 976 1072 1092.)

248 1162 453 1208 Henricus,
476 1160 668 1199 Guillelmi
688 1160 774 1197 Rufi
794 1159 893 1211 regis
915 1159 1033 1206 filius,
1050 1167 1181 1197 contra
1196 1159 1405 1197 Robertum
1422 1162 1598 1199 comitem

190 1226 333 1264 bellum
356 1237 491 1276 gerens
506 1254 515 1270 ‚
539 1223 653 1270 dum,
676 1224 774 1260 inter
796 1231 941 1260 ceteros
973 1236 1068 1272 quos
1094 1223 1366 1274 captivaverat,
1393 1224 1597 1273 quemdam

190 1286 344 1324 nomine
383 1285 572 1323 Ruledum
605 1285 651 1323 de
679 1294 779 1323 terra
808 1286 925 1323 sancti
962 1286 1106 1323 Ebrulfi
1139 1286 1313 1336 cepisset,
1352 1286 1454 1336 apud
1490 1289 1597 1324 Dan-

189 1350 354 1386 frontem
386 1348 582 1385 castellum
619 1361 729 1385 suum
761 1347 950 1398 deposuit.
982 1348 1053 1395 Qui
1085 1361 1171 1385 cum
1209 1347 1357 1384 sederet
1393 1347 1440 1384 ad
1473 1348 1597 1386 focum

188 1413 334 1461 (yemps
355 1410 454 1447 enim
477 1413 569 1457 erat)
588 1423 673 1446 cum
695 1409 858 1446 lacrimis
879 1419 1048 1447 sanctum
1072 1409 1269 1447 Ebrulsum
1293 1410 1393 1461 cepit
1419 1410 1598 1449 invocare

189 1486 232 1510 ac
252 1472 377 1509 dicere
400 1487 407 1508 ε
429 1490 444 1504 «
463 1475 656 1522 Deprecor
677 1480 726 1517 te,
746 1480 871 1509 sancte
887 1471 1058 1520 Ebrulfe,
1082 1472 1200 1509 amice
1220 1472 1305 1518 Dei,
1325 1480 1365 1509 ut
1382 1485 1441 1509 mc
1463 1472 1508 1510 de
1528 1474 1597 1512 ista

189 1534 407 1584 captivitate
429 1534 580 1584 eripias,
600 1533 678 1572 Scis
697 1534 795 1571 enim
811 1533 899 1583 quia
914 1546 1064 1584 semper
1084 1532 1149 1570 tibi
1172 1533 1332 1570 fideliter
1352 1533 1554 1573 deservivi.
1578 1552 1594 1567 ›-

189 1599 358 1646 Cumque
377 1597 446 1633 hec
467 1596 642 1643 dixisset,
664 1595 788 1634 subito
807 1595 1052 1632 obdormivit.
1074 1598 1119 1632 Et
1139 1608 1225 1633 ecce
1245 1595 1416 1645 quidam,
1442 1610 1596 1634 manum

188 1658 267 1706 ejus
289 1658 601 1709 apprehendens,
625 1658 725 1709 cepit
747 1671 833 1695 eum
854 1658 1017 1695 trahere.
1038 1661 1142 1695 Tunc
1168 1659 1455 1709 expergefactus
1483 1660 1599 1696 sensit

187 1735 337 1759 omnem
359 1722 530 1760 dolorem
551 1722 596 1759 de
623 1735 782 1772 corpore
801 1735 869 1759 suo
889 1721 1101 1758 recessisse.
1122 1723 1211 1758 Erat
1234 1721 1335 1757 enim
1360 1721 1472 1759 valde
1492 1721 1598 1758 debi-

186 1782 329 1830 litatus,
352 1783 389 1819 in
411 1792 555 1820 tantum
576 1792 616 1820 ut
634 1797 702 1821 nec
723 1783 770 1821 de
792 1783 875 1820 loco
895 1782 1038 1832 absque
1058 1782 1247 1829 adjutorio
1267 1783 1421 1820 alterius
1441 1796 1597 1820 movere

186 1857 225 1881 se
246 1853 384 1894 posset.
406 1845 602 1882 Ceciderat
618 1859 710 1883 vero
733 1845 770 1882 in
789 1845 922 1882 itinere
944 1845 990 1881 de
1004 1845 1176 1891 jumento
1197 1857 1311 1894 super
1337 1843 1439 1893 quod
1461 1844 1596 1894 ligatus

187 1905 323 1942 suerat.
349 1908 481 1955 Itaque
502 1907 601 1956 cepit
629 1907 728 1944 intra
749 1907 991 1957 semetipsum
1018 1906 1183 1956 cogitare
1222 1905 1313 1954 quid
1344 1914 1474 1956 ageret
1498 1919 1598 1955 quo-

187 1967 301 2004 modo
332 1967 378 2004 de
408 1967 522 2004 domo
542 1968 672 2019 egredi
696 1977 835 2019 posset.
858 1968 1013 2005 Viderat
1039 1968 1139 2004 enim
1171 1967 1274 2016 quod
1294 1967 1400 2004 miles
1419 1967 1483 2017 qui
1507 1980 1594 2004 eum

185 2029 326 2066 ibidem
362 2029 589 2080 deposuerat
622 2031 759 2067 ostium
794 2044 862 2081 per
902 2029 1005 2079 quod
1045 2029 1168 2066 exitus
1206 2029 1244 2065 in
1280 2038 1403 2066 ortum
1445 2029 1596 2080 patebat

187 2092 310 2129 valide
345 2105 430 2128 cum
463 2105 584 2129 cuneo
621 2092 870 2132 obfirmasset.
903 2094 1065 2138 Tamen,
1092 2091 1291 2141 assumptis
1314 2090 1460 2128 viribus
1482 2092 1593 2140 fidei,

185 2152 340 2190 accessit
358 2153 403 2189 ad
426 2153 589 2190 hostium
611 2161 646 2190 et
663 2166 777 2190 manu
793 2152 1016 2204 repagulum
1033 2152 1164 2189 tenuit.
1186 2155 1295 2198 Tum,
1318 2153 1455 2190 mirum
1475 2153 1593 2202 dictu,

185 2228 328 2252 cuneus
357 2214 422 2264 qui
449 2215 596 2251 fortiter
618 2215 754 2252 infixus
787 2215 908 2252 fuerat
936 2214 983 2251 ad
1018 2224 1156 2251 terram
1185 2213 1336 2252 decidit.
1371 2215 1439 2252 Ille
1477 2228 1590 2262 vero,

187 2277 361 2328 aperiens
386 2278 576 2324 hostium,
602 2278 776 2328 pervenit
799 2277 847 2313 ad
877 2278 1018 2314 exitum
1048 2277 1185 2323 ortuli,
1217 2286 1252 2313 et
1274 2277 1458 2327 aspiciens
1488 2281 1593 2315 mul-

187 2340 385 2377 titudinem
420 2339 580 2376 militum
606 2348 690 2376 ante
717 2353 756 2376 se
781 2339 818 2376 in
840 2340 964 2389 platea
984 2339 1079 2376 vidit
1099 2339 1302 2376 consistere
1331 2347 1367 2376 et
1387 2339 1594 2378 extendens

187 2414 340 2438 manum
362 2401 501 2438 dixisse
521 2402 639 2438 fertur
662 2417 669 2438 ε
698 2421 713 2435 «
741 2411 866 2439 sancte
888 2401 1042 2439 Ebrulfe
1057 2431 1066 2448 ,
1093 2401 1219 2438 ducito
1240 2414 1321 2448 me;
1347 2418 1362 2433 n
1383 2402 1530 2452 sicque,
1554 2411 1594 2440 ut

187 2470 267 2500 erat
291 2463 403 2499 nudis
435 2463 594 2513 pedibus
610 2493 619 2510 ,
645 2463 744 2501 linea
768 2471 910 2501 tantum
941 2472 1052 2513 atque
1079 2464 1193 2514 pallio
1213 2463 1392 2510 amictus,
1416 2477 1484 2515 per
1506 2478 1592 2502 me-

185 2525 269 2562 dias
291 2524 389 2562 acies
410 2525 583 2562 transivit
600 2538 643 2562 ac
661 2526 692 2563 si
712 2526 841 2563 oculos
861 2538 937 2562 non
956 2525 1186 2564 habuissent.
1215 2525 1348 2563 Nullus
1376 2526 1475 2563 enim
1503 2539 1590 2564 eum

236 2707 284 2753 (1)
312 2707 365 2741 Cf.
385 2706 549 2751 Orderic,
567 2708 627 2742 liv.
646 2721 727 2751 vm3
748 2709 821 2751 ΙΙΙ,
846 2710 927 2744 385.
