2081 3408
755 264 1016 302 APPENDIX.
1507 266 1581 301 185

189 360 275 389 runt
294 360 328 389 et
345 363 459 400 super
477 351 593 388 altare
614 359 838 401 posuerunt.
860 352 988 389 Testes
1009 365 1055 388 ex
1074 361 1179 402 parte
1200 352 1349 388 illorum
1371 366 1378 389 :
1397 351 1479 390 odo
1500 355 1582 390 Ru-

188 415 266 459 fus,
295 413 516 450 Vuillebnus
545 413 592 449 (le
627 413 688 449 Fai
708 442 716 458 ‚
739 413 853 449 Fulco
875 413 919 450 de
948 416 1109 451 Granval
1129 443 1138 459 ,
1166 415 1303 451 Alvere
1333 414 1379 452 de
1409 418 1582 461 Nonam,

187 474 399 510 Vualterius
417 473 462 510 de
484 474 636 518 molins,
667 473 872 510 Herbertus
903 474 948 511 de
973 475 1128 519 Sartela‚
1162 475 1374 512 Vualterius
1401 476 1586 526 presbiter

188 536 310 572 Sancti
330 536 482 579 Hilarii,
507 536 719 572 Vualterius
746 535 929 585 presbiter
956 536 1001 573 de
1031 537 1207 583 Malwru,
1235 550 1280 573 ex
1301 546 1426 574 nostra
1451 547 1582 588 parte:

186 597 377 635 Osbernus
400 599 626 648 prepositus,
650 598 884 635 Haimericus
906 599 1001 635 tilius
1020 600 1169 645 Marsai,
1186 601 1370 650 Roge¹·ius
1391 600 1436 636 de
1454 604 1587 638 Sancta

187 660 319 704 Maria,
342 661 563 697 Vuillelmus
594 661 865 709 carpentarius,
894 661 1114 698 Vuillelmus
1141 662 1354 711 Bel-loquer,
1384 661 1587 699 Rotbertus

186 734 305 771 nepos
322 722 491 772 Hugonis
506 725 596 758 Buta
613 725 737 767 Torta,
758 722 944 759 Vuarinus
962 723 1088 770 Haste,
1105 723 1311 759 Rainaldus
1330 724 1424 760 lilius
1440 724 1584 760 Helvis.

241 786 285 820 V.
319 784 522 821 Rotbertus
544 785 640 821 silius
663 785 769 821 Vuali
787 785 834 820 de
856 788 955 821 Aura
976 786 1085 831 Villa,
1109 785 1144 821 in
1168 785 1226 822 die
1247 799 1321 835 qua
1343 795 1486 835 patrem
1509 787 1588 833 ejus

188 846 453 896 sepelivimus,
477 847 578 883 venit
598 846 634 882 in
656 847 860 896 capitulum
882 860 965 883 cum
990 856 1107 884 matre
1125 861 1191 883 sua
1212 855 1247 883 et
1266 849 1407 898 accepit
1429 848 1590 884 societa-

190 916 262 944 tem
286 916 467 951 nostram,
498 908 548 944 ita
569 916 607 944 ut
627 907 778 957 quando
800 908 934 945 obierit
967 912 1039 944 XLta
1072 908 1210 944 solidos
1230 908 1483 944 servientibus
1508 912 1589 946 Deo

188 970 225 1006 in
245 969 417 1005 hocloco
441 969 558 1007 dabit.
579 970 650 1007 Sed
675 979 710 1006 et
728 971 885 1006 clericus
907 969 1059 1019 quidam
1085 970 1182 1006 filius
1207 971 1394 1016 Buselini,
1418 970 1482 1019 qui
1505 984 1589 1006 cum

189 1031 322 1068 eodem
342 1030 564 1067 beneficium
587 1031 727 1080 accepit
743 1060 751 1075 ,
775 1035 876 1067 xxx¹³
896 1031 1034 1068 solidos
1057 1031 1102 1067 ad
1123 1032 1234 1067 linem
1261 1045 1369 1067 suum
1403 1032 1588 1082 promisit.

189 1092 379 1131 Concessit
406 1105 496 1128 vero
521 1093 619 1129 idem
640 1091 841 1129 Rotbertus
865 1092 1042 1142 quicquid
1064 1101 1168 1142 pater
1193 1105 1280 1128 suus
1300 1092 1408 1129 nobis
1429 1093 1594 1129 donave-

190 1163 266 1198 rat,
290 1154 465 1190 videlicet
486 1153 580 1190 duos
601 1153 799 1190 bordarios
814 1154 878 1202 qui
896 1167 1126 1203 unoquoque
1144 1167 1243 1190 anno
1264 1154 1431 1203 quinque
1455 1153 1593 1189 solidos

191 1215 354 1252 reddunt
373 1223 408 1250 et
428 1227 544 1250 unum
565 1215 792 1264 pomerium.
819 1216 992 1252 Promisit
1014 1228 1105 1251 vero
1121 1223 1176 1259 ut,
1195 1215 1222 1251 si
1246 1215 1404 1265 predicti
1425 1214 1593 1251 bordarii

189 1277 227 1314 in
252 1284 510 1326 paupertatem
541 1277 786 1324 devenirent,
818 1277 986 1313 redditus
1013 1290 1108 1326 quos
1140 1276 1298 1313 reddere
1323 1276 1494 1313 solebant
1515 1276 1594 1326 ipse

191 1337 380 1375 redderet.
404 1340 528 1373 Testes
553 1352 560 1372 τ
582 1337 774 1375 Osbernus
791 1339 1020 1389 prepositus,
1042 1341 1214 1374 Herveus
1234 1338 1498 1382 cementarius,
1518 1341 1593 1374 Ro-

191 1400 318 1451 gerius
346 1399 392 1436 de
419 1401 551 1436 Sancta
574 1400 706 1437 Maria.

243 1464 305 1497 VI.
338 1461 591 1498 Vuitmundus
612 1462 657 1498 de
678 1461 825 1498 Maisnil
853 1470 888 1498 et
914 1461 1117 1498 Rotbertus
1144 1461 1241 1497 filius
1271 1461 1371 1508 ejus,
1399 1474 1499 1498 anno
1520 1474 1596 1510 quo

191 1523 378 1561 Ernaldus
404 1524 610 1560 monachus
638 1533 765 1561 noster
795 1537 969 1561 reversus
995 1532 1049 1561 est
1072 1524 1118 1560 de
1144 1523 1304 1573 Apulia,
1332 1530 1599 1559 concesserunt

193 1586 374 1623 decimam
392 1599 460 1637 sue
474 1600 643 1632 carruce,
659 1587 741 1637 ipso
755 1586 1008 1636 supplicante,
1025 1589 1106 1622 Deo
1122 1594 1158 1623 et
1171 1595 1300 1622 sancto
1315 1588 1425 1621 Petro
1440 1585 1477 1620 in
1492 1584 1598 1631 cujus

193 1647 336 1685 honore
352 1657 405 1684 est
422 1648 579 1698 ecclesia
588 1648 633 1685 de
645 1648 907 1684 DamblaVilla
917 1656 952 1684 et
966 1657 1092 1684 sancto
1108 1647 1264 1683 Ebrulfo
1275 1646 1422 1695 sibique
1434 1645 1598 1682 servien-

194 1709 291 1747 tibus
305 1710 406 1761 apud
421 1709 618 1747 Damblam
630 1710 778 1755 Villam,
791 1709 963 1760 pluribus
975 1708 1228 1747 audientibus.
1250 1712 1379 1745 Postea
1395 1720 1486 1744 vero
1500 1706 1598 1743 idem

194 1771 397 1809 Rotbertus
412 1773 508 1808 filius
522 1771 740 1808 Vuitmundi
758 1771 861 1808 venit
880 1772 915 1807 in
931 1771 1137 1821 capitulum
1159 1771 1196 1807 in
1215 1770 1379 1807 secunda
1394 1769 1601 1819 septimana

196 1834 242 1871 de
266 1835 431 1871 adventu
466 1835 638 1881 Domini,
662 1844 697 1871 et
728 1834 871 1885 accepit
899 1834 1011 1880 hujus
1036 1834 1107 1870 loci
1136 1833 1361 1870 beneficium
1395 1832 1543 1869 sibimet
1566 1838 1602 1867 et

196 1896 293 1946 patri
313 1909 381 1932 suo
401 1905 437 1932 et
457 1896 564 1932 matri
588 1905 623 1932 et
644 1896 838 1932 sororibus
857 1903 892 1931 et
914 1894 1091 1931 fratribus
1108 1894 1198 1939 suis,
1224 1903 1259 1931 et
1281 1893 1380 1930 misit
1401 1893 1507 1929 istam
1530 1891 1601 1927 do-

196 1958 387 1994 nationem
407 1971 519 2007 super
538 1960 669 1997 altare,
685 1960 812 1994 Testes
831 1972 837 1992 :
857 1957 1061 1994 Gerx‘asius
1082 1956 1243 1992 famulus
1257 1963 1401 2000 noster,
1418 1953 1602 2004 Rogerius

200 2019 246 2056 de
268 2023 402 2057 Sancta
422 2019 553 2056 Maria.

253 2084 334 2118 VII.
368 2081 450 2117 Odo
468 2093 601 2117 coccus
619 2080 721 2117 dedit
740 2079 849 2116 nobis
864 2079 956 2116 duas
969 2092 1073 2116 acras
1090 2087 1190 2129 terre
1204 2078 1304 2129 apud
1320 2077 1432 2114 Doith
1447 2076 1600 2122 Vileret,

201 2157 270 2194 pro
291 2142 414 2179 anima
435 2142 552 2192 patris
571 2142 627 2178 sui
648 2150 683 2179 et
705 2142 831 2178 matris
853 2154 895 2178 ac
917 2141 1027 2177 trium
1054 2140 1237 2177 infantum
1261 2139 1377 2189 ipsius
1406 2138 1471 2188 qui
1501 2151 1605 2174 mor-

201 2205 255 2242 tui
276 2204 424 2241 fuerant
443 2213 478 2240 et
496 2218 564 2254 pro
586 2203 786 2253 semetipso
803 2234 810 2248 ,
834 2203 915 2238 illas
937 2202 1113 2238 videficet
1133 2215 1225 2251 quas
1241 2209 1413 2237 tenuerat
1440 2199 1604 2236 Herber-

205 2274 261 2302 tus
280 2265 411 2303 Calvin
432 2274 467 2302 et
488 2265 585 2301 misit
605 2278 719 2315 super
739 2265 869 2301 altare.
903 2266 1008 2300 Hanc
1037 2272 1161 2299 autem
1187 2262 1428 2298 donationem
1450 2262 1536 2298 fecit
1567 2262 1606 2298 in

205 2327 265 2364 die
284 2327 499 2377 vigiliarum
521 2326 654 2363 natalis
676 2326 850 2371 Domini,
876 2325 1026 2374 quando
1047 2324 1149 2361 venit
1169 2324 1207 2360 in
1227 2323 1433 2373 capitulum
1462 2332 1606 2360 rectum

206 2389 326 2425 facere
346 2388 392 2425 de
410 2387 548 2440 injuria
569 2402 681 2437 quam
699 2388 837 2425 fecerat
852 2386 1033 2424 [Tnsfrido
1050 2386 1228 2436 portario.
1246 2389 1371 2422 Testes
1389 2400 1396 2420 :
1415 2385 1607 2422 Osbernus

205 2451 434 2501 prepositus,
454 2450 638 2487 Rodulfus
657 2463 804 2495 coccus,
827 2449 1011 2500 Rogerius
1032 2448 1078 2486 de
1098 2451 1232 2486 Sancta
1250 2449 1383 2494 Maria,
1406 2447 1607 2485 Unsfridus

207 2512 411 2563 portarius,
431 2512 624 2549 Clarellus.

256 2576 357 2611 VIII.
383 2573 568 2624 Rogerius
581 2573 677 2610 Tire]
692 2572 781 2609 dum
798 2572 836 2608 in
852 2571 1218 2621 infirmitatejaceret
1234 2571 1280 2608 de
1295 2584 1368 2621 qua
1386 2579 1422 2608 et
1438 2578 1609 2607 mortuus

210 2643 285 2680 est,
300 2635 403 2672 venit
416 2635 460 2672 ad
478 2649 562 2672 eum
582 2635 733 2684 quidam
750 2648 796 2671 ex
813 2634 1004 2670 monachis
1020 2633 1172 2680 nostris,
1189 2633 1366 2682 deditque
1385 2632 1419 2670 ei
1439 2631 1609 2668 habitum

211 2698 400 2735 monachi.
422 2697 524 2734 Idem
539 2711 630 2734 vero
643 2697 827 2748 Rogerius
848 2696 950 2734 dedit
962 2696 1069 2733 nobis
1083 2705 1168 2733 tunc
1182 2709 1297 2733 unum
1312 2695 1478 2732 modium
1491 2708 1610 2732 anno-
