2081 3408
180 290 212 339 [1
224 292 239 326 ’1
250 291 314 339 37]
555 288 696 324 LIBER
723 286 925 322 TERTIUS
960 284 1188 321 DECIMUS.
1530 284 1572 319 91

178 377 453 422 intulerunt.
475 375 566 421 Sed
582 384 831 438 postquam
849 373 1094 418 innumera
1113 371 1354 435 dispendia
1371 370 1581 433 pagensi-

176 452 264 498 bus
288 453 409 498 illata
436 461 568 508 sunt,
593 451 770 496 ultione
798 450 957 495 divina
976 449 1155 495 nefario
1181 449 1331 512 capite
1355 448 1575 506 contrito,

175 530 461 576 defecerunt.
499 528 713 585 Quadam
743 527 867 573 enim
899 527 999 584 die,
1041 535 1168 571 atrox
1202 525 1461 571 Gelduinus
1495 540 1580 570 ch

175 608 342 653 milites
377 623 487 653 cum
516 606 670 651 multis
704 604 939 669 peditibus
964 605 1009 649 in
1036 603 1333 667 expeditione
1354 603 1502 659 duxit,
1533 612 1578 647 et

174 685 411 746 ingentem
443 683 649 747 praedam
685 682 997 744 hominesque
1029 682 1201 726 multos
1230 681 1413 743 rapuit,
1442 688 1579 741 atque

176 774 438 822 pomposus
464 773 672 802 remeare
702 756 864 819 coepit,
897 755 977 800 sed
996 765 1193 800 aestuans
1220 771 1346 799 mare
1371 754 1426 799 ad
1452 753 1580 798 littus

174 852 338 880 omnes
363 834 581 879 detinuit.
611 836 804 891 Interea,
828 841 932 877 orto
957 831 1163 876 clamore
1192 831 1408 894 pauperis
1431 829 1575 891 vulgi,

178 930 235 957 xx
255 911 421 956 milites
442 913 822 955 Normannorum
841 907 1084 971 przedones
1106 908 1299 952 insecuti
1323 916 1445 951 sunt.
1472 905 1579 950 Gel-

173 988 347 1033 duinus
373 997 546 1044 autem,
576 995 623 1030 ut
647 984 1031 1030 vociferationem
1055 993 1160 1046 post
1186 994 1365 1045 tergum
1383 983 1576 1040 audivit,

173 1081 281 1110 cum
317 1083 346 1109 x
378 1064 603 1109 militibus
632 1062 804 1124 clypeis
841 1071 1022 1105 tantum
1056 1061 1231 1123 opertis
1264 1070 1428 1105 contra
1462 1060 1580 1103 inse-

172 1150 366 1204 quentes
404 1140 553 1185 rediit.
594 1142 738 1184 Porro
774 1138 1031 1183 Normanni
1063 1137 1243 1182 fortiter
1264 1138 1308 1181 in
1331 1153 1411 1181 eos
1435 1136 1579 1180 irrue—

172 1228 300 1274 runt,
321 1226 460 1279 atque
487 1217 696 1261 Britones
715 1225 841 1278 terga
865 1224 1095 1260 vertentes
1121 1213 1355 1277 persecuti
1381 1221 1506 1268 sunt,
1535 1222 1578 1257 et

171 1293 492 1351 Gelduinum,
526 1293 799 1356 priusquam
847 1293 942 1337 suis
981 1290 1385 1336 commilitonibus
1415 1290 1582 1351 adjun-

172 1378 407 1430 gerentur,
425 1367 715 1412 occiderunt.
737 1366 986 1411 Praedones
1006 1366 1161 1427 itaque
1176 1365 1356 1410 confusi
1376 1363 1579 1427 praedam

172 1443 507 1507 perdiderunt,
551 1453 594 1488 et
632 1443 858 1506 fugientes
894 1443 986 1488 suis
1019 1442 1147 1487 diros
1169 1457 1385 1486 rumores
1411 1456 1580 1484 renun-

171 1521 426 1565 ciaverunt.

236 1597 384 1642 Variis
407 1597 563 1659 itaque
596 1594 950 1659 tempestatibus
978 1594 1131 1640 Infelix
1158 1593 1447 1639 Normannia
1479 1602 1574 1639 tur-

172 1672 398 1731 babatur,
422 1690 475 1718 ac
499 1673 671 1718 mutuis
697 1671 884 1718 ensibus
908 1671 1160 1735 pignorum
1184 1687 1379 1716 suorum
1416 1669 1579 1715 vulne-

171 1749 386 1807 rabatur,
417 1760 558 1813 atque
587 1766 673 1813 pro
705 1749 965 1794 innumeris
989 1748 1194 1793 caedibus
1219 1747 1376 1792 multis
1404 1746 1582 1809 ubique

172 1825 373 1871 luctibus
403 1825 689 1889 replebatur.
724 1824 986 1870 Insortunia
1026 1824 1306 1887 plerumque
1350 1822 1581 1867 dirissima

173 1903 452 1966 perferebat,
475 1912 519 1948 et
536 1904 772 1966 asperiora
791 1902 1003 1964 quotidie
1020 1899 1276 1957 metuebat,
1305 1900 1413 1962 quia
1436 1908 1581 1944 totam

173 1979 348 2025 efficaci
368 1980 682 2042 gubernatore
700 1980 992 2042 provinciam
1013 1994 1170 2023 carere
1187 1987 1350 2021 moesta
1374 1975 1575 2020 videbat.

174 2059 298 2103 Inter
312 2057 407 2102 liaec
421 2055 683 2119 Stephanus
697 2072 776 2100 rex
791 2055 850 2100 de
865 2055 1092 2100 intestinis
1108 2052 1312 2098 motibus
1324 2051 1580 2113 Angloi·um

173 2150 386 2178 rumores
401 2132 595 2178 audivit.
617 2131 752 2176 Unde
778 2133 824 2175 in
848 2131 1053 2176 adventu
1071 2130 1315 2190 Dominin
1343 2146 1346 2175 i
1364 2128 1582 2174 festinan-

173 2220 243 2256 ter
272 2211 317 2256 in
354 2209 563 2272 Angliam
598 2208 936 2265 transfretavit,
978 2221 1023 2252 et
1054 2205 1409 2251 Gualerannum
1440 2214 1581 2268 atque

174 2287 465 2334 Rodbertum
512 2286 707 2332 comites
741 2285 949 2347 aliosque
984 2299 1200 2347 proceres
1240 2298 1361 2346 pene
1415 2298 1580 2327 omnes

173 2381 332 2410 secum
372 2363 519 2410 duxit.
557 2362 779 2408 Neustriae
821 2378 931 2407 vero
962 2360 1243 2422 justiciarios
1272 2357 1578 2404 Guillelmum

174 2441 232 2488 de
279 2443 494 2488 Rolmara
526 2450 572 2486 et
617 2440 866 2502 Rogerium
908 2438 1233 2483 vicecomitem
1259 2436 1327 2498 (2)
1367 2436 1578 2497 aliosque

217 2650 264 2696 (1)
292 2650 321 2682 Il
339 2650 447 2695 paruit
467 2661 533 2693 que
558 2648 667 2681 c'etait
697 2650 862 2693 tres-pres
887 2646 934 2679 du
958 2648 1040 2693 jour
1063 2645 1105 2678 de
1130 2646 1216 2679 Noel
1244 2658 1251 2679 ε
1277 2647 1308 2676 in
1334 2647 1401 2691 ipso
1425 2644 1576 2676 vestibulo

173 2709 304 2743 Natalis
322 2709 463 2741 Domini.

221 2767 270 2814 (2)
291 2769 405 2814 Roger
419 2767 598 2801 deuxieme
613 2765 659 2800 du
676 2778 778 2811 nom,
792 2766 940 2800 vicomte
957 2765 1005 2799 du
1023 2765 1206 2806 Cotentin‚
1224 2764 1313 2798 frere
1330 2772 1361 2798 et
1378 2775 1574 2798 successeur
