2081 3408
587 309 681 345 SUR
709 306 921 343 ORDERIC
948 307 1106 342 VITAL.
1464 318 1553 343 xc1x

147 396 333 447 capitaine
354 396 622 433 commandant
639 409 688 432 au
710 395 896 447 regimem
915 393 966 430 du
987 393 1088 430 sieur
1111 392 1157 430 de
1171 392 1389 430 Clieronnes
1404 395 1553 441 (1591),

149 461 168 495 a
189 459 344 505 Goulet,
366 458 551 495 clianoine
573 457 620 494 (16
639 457 831 502 chartres,
861 470 908 493 au
929 455 1143 493 chancelier
1164 455 1322 506 Seguier
1342 464 1378 492 et
1406 457 1427 492 a
1449 456 1556 493 Cois-

149 522 216 568 lin,
239 521 386 571 eveque
405 521 452 557 de
472 523 581 558 Metz,
599 543 650 548 —
665 523 722 557 In-
735 520 839 565 solio,
864 519 1099 571 parchemin,
1117 518 1426 567 cent-cinquante
1449 519 1559 555 feuil-

150 583 230 620 lets.
255 575 425 620 liei-iture
447 585 467 619 a
481 582 581 620 deux
598 582 795 629 colonnes,
812 582 862 619 (111
883 589 961 618 xvi‘
974 582 1100 629 516616,
1117 581 1265 617 imitant
1278 581 1332 618 les
1345 582 1559 620 caracteres

150 645 313 682 romains
345 644 411 681 (165
440 644 699 694 imprimeurs.
721 644 889 681 Initiales
909 644 1068 693 peintes.
1093 665 1145 670 —
1166 645 1215 680 Ce
1238 643 1444 680 manuscrit
1468 657 1560 680 con-

151 707 244 744 tient
263 707 316 743 les
343 706 444 743 deux
465 707 648 757 premicrs
674 707 790 743 livres
810 705 1020 743 d’Orderic.
1053 708 1104 742 Le
1124 704 1221 742 livre
1243 707 1278 741 II
1298 712 1352 741 est
1381 717 1427 741 en
1459 704 1559 741 deux

151 768 290 818 parties
319 783 326 803 ι
355 768 390 805 la
411 769 598 818 premiere
622 769 737 805 allant
763 768 814 805 du
844 775 1169 804 commencement
1193 766 1345 816 jusqu'a
1370 766 1405 803 la
1432 767 1494 803 vie
1515 766 1562 803 de

151 831 249 868 saint
269 831 417 867 Martial
444 831 751 877 inclusivement‚
782 838 838 867 est
867 829 1072 879 rubriquee
1099 844 1107 864 z
1138 846 1151 861 «
1176 831 1218 866 F.
1241 828 1414 865 Orderici
1434 829 1564 866 Vitalis

151 891 247 929 liber
273 892 462 929 secundus
494 893 670 930 Historiae
697 892 957 930 ecclesiasticae
989 891 1036 928 de
1063 891 1209 928 actibus
1237 891 1519 941 apostolorum3
1545 908 1561 922 n

152 953 187 990 la
209 953 400 1001 derniere,
433 962 682 1004 comprenant
710 954 896 991 l'histoire
925 952 990 989 des
1017 964 1162 1002 papes:
1194 970 1209 984 «
1234 953 1409 989 Historiae
1440 953 1567 990 eccle-

155 1015 311 1052 siasticae
337 1017 379 1054 F.
412 1015 587 1052 Orderici
615 1015 769 1061 vitalis,
792 1014 970 1051 monachi
997 1012 1229 1059 Ebrulfiani,
1253 1012 1350 1049 liber
1380 1013 1524 1052 tertiuS.
1549 1031 1564 1045 ¹0

154 1080 209 1114 En
233 1079 322 1123 tete,
345 1090 395 1114 on
415 1077 458 1114 lit
476 1090 551 1113 une
574 1074 694 1127 epitre
718 1075 893 1113 adi-essee
914 1077 934 1111 a
951 1074 1058 1112 Felix
1077 1074 1123 1111 de
1140 1075 1240 1120 Brie,
1265 1074 1363 1111 abbe
1379 1075 1426 1112 de
1446 1075 1572 1113 Saint-

154 1131 296 1176 Evroul
324 1142 392 1187 (1),
427 1151 496 1189 par
524 1138 559 1174 16
592 1137 718 1174 nmine
746 1137 966 1175 Guillaume
997 1135 1146 1181 VaHin,
1181 1135 1247 1185 qui
1273 1135 1375 1173 avait
1411 1136 1572 1187 prepare

155 1213 229 1237 une
261 1199 403 1237 edition
427 1199 625 1236 d’Orderic
650 1199 762 1236 Vital.
795 1198 826 1235 Il
861 1199 960 1235 n’est
992 1210 1061 1249 pas
1083 1197 1217 1235 inutile
1258 1197 1306 1234 de
1351 1197 1443 1235 faire
1477 1210 1572 1235 con-

154 1259 276 1298 naitre
303 1269 399 1298 cette
423 1260 600 1298 dedic-ace
623 1274 631 1296 :

202 1346 505 1381 Reverendissimo
538 1348 628 1394 patri
662 1348 697 1381 in
733 1347 873 1381 Christo
903 1355 935 1381 et
965 1347 1111 1381 domino
1141 1347 1397 1393 preclarissimo
1425 1347 1574 1381 domino

155 1407 259 1440 Felici
282 1406 326 1440 (16
341 1407 431 1450 Brie,
455 1416 571 1441 sancte
588 1406 677 1440 sedis
696 1408 885 1453 apostolice
903 1407 1173 1453 prothonotario
1193 1406 1335 1452 divique
1353 1407 1489 1439 Ebrulfi
1505 1419 1575 1440 coe-

155 1467 346 1501 nobiarche
368 1467 593 1513 dignissimo,
619 1469 657 1502 F.
686 1468 907 1503 Guillielmus
932 1468 1111 1509 vallinus,
1143 1467 1401 1501 monachorum
1429 1478 1573 1500 suorum

157 1527 379 1569 novissimus,
399 1540 521 1573 pacem
539 1537 571 1561 et
590 1528 624 1560 S.
647 1528 686 1560 P.
707 1528 750 1561 D.

206 1586 392 1619 Felicitatis
410 1587 574 1620 omnibus
591 1586 799 1632 exoptabilis
819 1586 912 1619 hanc
937 1598 955 1619 a
980 1585 1160 1619 nonnullis
1176 1597 1240 1618 1166
1264 1583 1442 1618 modicam
1464 1594 1577 1618 ratum

157 1658 229 1679 esse
253 1646 488 1692 comperimus
511 1646 735 1692 portionem,
765 1644 801 1678 id
828 1658 953 1691 nempe
978 1646 1101 1690 quovis
1126 1653 1228 1691 pacto
1259 1645 1385 1691 patrati
1414 1644 1580 1678 facinoris

159 1705 339 1751 insigniter
359 1718 477 1751 gerere
493 1706 642 1751 quivisse
664 1718 735 1750 quo
759 1705 955 1739 immortan
980 1704 1076 1751 apud
1100 1714 1257 1750 posteros
1281 1717 1424 1746 nomen,
1448 1703 1580 1736 nedum

160 1773 422 1810 presentaneam
439 1777 502 1798 suo
519 1777 584 1811 pro
607 1773 764 1811 tempore
783 1765 948 1810 gloriam,
974 1773 1246 1810 aucuparentur,
1265 1764 1313 1796 eis
1338 1764 1426 1796 forte
1445 1763 1579 1808 astipu-

158 1824 266 1857 lantes
279 1823 353 1868 qui,
373 1824 437 1856 nisi
454 1824 643 1870 populares
660 1836 725 1869 per
740 1836 840 1856 auras
857 1836 970 1857 sermo
987 1823 1030 1856 de
1048 1823 1129 1868 ipsis
1147 1824 1181 1856 in
1209 1823 1396 1868 longevum
1420 1823 1578 1855 ventille-

160 1892 231 1925 tur,
245 1883 341 1918 haud
354 1896 450 1917 secus
462 1893 563 1929 atque
579 1896 650 1917 non
666 1884 795 1917 fuerint
814 1884 949 1916 futuros
969 1896 1039 1916 sese
1059 1882 1260 1929 desperant.
1279 1883 1410 1914 Verum
1429 1882 1581 1914 nominis

162 1944 457 1978 immortalitatem
488 1957 506 1977 a
534 1944 740 1976 mortalibus
763 1943 970 1989 prestollari‚
1002 1956 1061 1975 seu
1090 1944 1216 1976 famam
1248 1941 1455 1985 laudemque
1483 1952 1580 1973 suam

163 2015 343 2047 nunquam
361 2003 568 2036 exstinctum
585 2003 642 2044 iri,
659 2002 839 2048 presertim
857 2001 951 2047 apud
967 2002 1224 2034 instabilitatem
1242 2001 1444 2040 humanam,
1465 2000 1577 2032 confi-

164 2060 257 2103 clere,
276 2069 403 2106 quante
433 2062 474 2093 sit
501 2060 675 2094 dementie
702 2062 754 2094 vel
774 2061 847 2106 ipsa
869 2060 1041 2093 ortodoxe
1059 2059 1141 2092 fidei
1164 2060 1251 2091 ratio
1272 2058 1397 2100 dictat,
1422 2071 1488 2102 que
1508 2071 1580 2091 non

164 2120 229 2153 nisi
251 2119 492 2152 dominatricis
509 2118 645 2152 virtut'is
661 2119 829 2164 suffragio
847 2120 914 2152 hoc
941 2120 1054 2165 ipsum
1071 2131 1130 2164 spe
1146 2119 1235 2151 felici
1253 2127 1354 2162 atque
1371 2126 1463 2150 certa
1477 2117 1580 2152 audet

164 2178 229 2212 sibi
255 2178 433 2224 polliceri,
460 2178 553 2211 illius
573 2178 739 2210 nimirum
758 2178 869 2211 verbis
889 2178 1010 2212 innixa
1031 2178 1092 2221 qui
1112 2189 1292 2222 nunquam
1310 2176 1449 2210 mentiri
1468 2177 1578 2212 novit.

167 2252 185 2270 α
198 2237 342 2280 Eadem,
356 2237 480 2282 inquit,
496 2250 658 2271 mensura
672 2250 739 2282 qua
751 2238 859 2270 mensi
873 2238 1005 2271 fueritis
1019 2238 1219 2271 remetietur
1228 2236 1339 2271 vobis.
1353 2251 1370 2268 ))
1381 2237 1428 2270 Ut
1439 2237 1580 2278 si,verbi

167 2310 282 2342 causa,
298 2296 485 2330 eternitatis
500 2295 617 2330 studio
632 2306 663 2330 et
677 2309 795 2330 amore
812 2305 992 2343 persancte
1009 2295 1094 2341 quid
1109 2295 1258 2330 arduum
1273 2308 1476 2342 operamur,
1494 2304 1580 2329 eter-

166 2368 253 2389 num
270 2354 421 2401 proinde
442 2367 482 2388 ac
500 2354 684 2389 indelebile
707 2368 838 2389 nomen
859 2355 990 2388 cunctis
1010 2355 1044 2388 in
1067 2355 1189 2388 seculis
1212 2355 1419 2388 successuris
1440 2368 1581 2401 prome-

168 2427 320 2450 reamur.
340 2415 431 2447 Hinc
448 2423 498 2448 est
512 2413 609 2459 quod
625 2423 657 2448 et
674 2414 773 2448 multi
792 2414 937 2460 hujusce
954 2414 1101 2460 gloriose
1117 2426 1157 2448 ac
1174 2413 1359 2448 laudabilis
1380 2414 1471 2448 fame
1487 2414 1580 2458 (am—

168 2474 285 2507 bitiosi
313 2473 470 2519 quidem,
493 2474 553 2508 sed
580 2475 723 2508 minime
747 2475 880 2521 viciosi)
906 2476 1127 2517 emulatores,
1155 2474 1240 2508 dum
1266 2475 1458 2521 reipublice
1483 2475 1578 2508 aliud

170 2533 330 2567 conferre
343 2534 431 2567 nihil
442 2542 643 2579 potuerunt,
663 2534 752 2568 bene
770 2534 813 2568 dc
829 2547 868 2568 ea
883 2535 1088 2568 meritorum
1104 2534 1246 2568 laudem
1263 2534 1373 2568 avidis
1392 2535 1581 2567 lectoribus

219 2671 268 2714 (1)
298 2671 506 2704 1503-1546.
526 2671 581 2703 Au
600 2678 899 2704 commencement
922 2669 964 2704 de
990 2670 1123 2716 l'epitre
1145 2679 1224 2704 sont
1251 2671 1383 2717 peintes
1404 2671 1451 2704 les
1469 2681 1580 2703 armes

173 2725 216 2760 de
234 2727 267 2759 la
285 2726 417 2760 maison
436 2725 479 2759 de
496 2727 574 2760 Brie
592 2740 598 2761 :
619 2727 740 2760 burele
765 2726 922 2772 d'argent
940 2734 973 2759 et
995 2725 1115 2760 d'azur
1136 2726 1179 2760 de
1203 2727 1278 2761 huit
1296 2727 1422 2773 pieccs‚
1441 2739 1485 2760 au
1507 2726 1578 2758 lion

175 2781 218 2816 de
235 2784 373 2828 gueules
388 2784 561 2816 brocham
577 2795 636 2816 sur
652 2784 683 2816 le
699 2791 788 2817 tout.
