<?xml version="1.0" encoding="UTF-8"?>
<!DOCTYPE html PUBLIC "-//W3C//DTD XHTML 1.0 Transitional//EN"
    "http://www.w3.org/TR/xhtml1/DTD/xhtml1-transitional.dtd">
<html xmlns="http://www.w3.org/1999/xhtml" xml:lang="en" lang="en">
 <head>
  <title>
</title>
<meta http-equiv="Content-Type" content="text/html;charset=utf-8" />
  <meta name='ocr-system' content='tesseract 3.04.00' />
  <meta name='ocr-capabilities' content='ocr_page ocr_carea ocr_par ocr_line ocrx_word'/>
</head>
<body>
  <div class='ocr_page' id='page_1' title='image "./ordericivitalish05ordeuoft/ordericivitalish05ordeuoft_0065.png"; bbox 0 0 2081 3408; ppageno 0'>
   <div class='ocr_carea' id='block_1_1' title="bbox 581 309 1548 347">
    <p class='ocr_par' dir='ltr' id='par_1_1' title="bbox 581 309 1548 347">
     <span class='ocr_line' id='line_1_1' title="bbox 581 309 1548 347; baseline 0.002 -2"><span class='ocrx_word' id='word_1_1' title='bbox 581 309 675 345; x_wconf 89' lang='lat' dir='ltr'>SUR</span> <span class='ocrx_word' id='word_1_2' title='bbox 703 309 917 346; x_wconf 90' lang='lat' dir='ltr'>ORDERIC</span> <span class='ocrx_word' id='word_1_3' title='bbox 945 310 1103 345; x_wconf 86' lang='lat' dir='ltr'>VITAL.</span> <span class='ocrx_word' id='word_1_4' title='bbox 1477 322 1548 347; x_wconf 76' lang='lat' dir='ltr'>mn</span> 
     </span>
    </p>
   </div>
   <div class='ocr_carea' id='block_1_2' title="bbox 138 395 1547 489">
    <p class='ocr_par' dir='ltr' id='par_1_2' title="bbox 138 395 1547 489">
     <span class='ocr_line' id='line_1_2' title="bbox 186 395 1547 442; baseline 0.001 -12"><span class='ocrx_word' id='word_1_5' title='bbox 186 397 358 430; x_wconf 81' lang='lat' dir='ltr'>XXXIII.</span> <span class='ocrx_word' id='word_1_6' title='bbox 378 397 492 442; x_wconf 84' lang='lat' dir='ltr'>Ingels</span> <span class='ocrx_word' id='word_1_7' title='bbox 507 404 539 429; x_wconf 88' lang='lat' dir='ltr'>et</span> <span class='ocrx_word' id='word_1_8' title='bbox 556 397 617 428; x_wconf 84' lang='lat' dir='ltr'>Ine</span> <span class='ocrx_word' id='word_1_9' title='bbox 634 395 766 431; x_wconf 84' lang='lat' dir='ltr'>fratres.</span> <span class='ocrx_word' id='word_1_10' title='bbox 786 396 845 429; x_wconf 87' lang='lat' dir='ltr'>Hii</span> <span class='ocrx_word' id='word_1_11' title='bbox 861 395 934 429; x_wconf 89' lang='lat' dir='ltr'>duo</span> <span class='ocrx_word' id='word_1_12' title='bbox 951 397 1063 430; x_wconf 90' lang='lat' dir='ltr'>Deum</span> <span class='ocrx_word' id='word_1_13' title='bbox 1078 395 1178 430; x_wconf 80' lang='lat' dir='ltr'>valde</span> <span class='ocrx_word' id='word_1_14' title='bbox 1196 395 1393 431; x_wconf 88' lang='lat' dir='ltr'>dilexerunt</span> <span class='ocrx_word' id='word_1_15' title='bbox 1408 405 1440 431; x_wconf 89' lang='lat' dir='ltr'>et</span> <span class='ocrx_word' id='word_1_16' title='bbox 1449 398 1547 432; x_wconf 88' lang='lat' dir='ltr'>Glas-</span> 
     </span>
     <span class='ocr_line' id='line_1_3' title="bbox 138 455 798 489; baseline -0.002 0"><span class='ocrx_word' id='word_1_17' title='bbox 138 456 293 489; x_wconf 77' lang='lat' dir='ltr'>toniense</span> <span class='ocrx_word' id='word_1_18' title='bbox 311 455 499 488; x_wconf 81' lang='lat' dir='ltr'>cenobium</span> <span class='ocrx_word' id='word_1_19' title='bbox 516 462 798 488; x_wconf 80' lang='lat' dir='ltr'>construxerunt.</span> 
     </span>
    </p>
   </div>
   <div class='ocr_carea' id='block_1_3' title="bbox 137 513 1554 2852">
    <p class='ocr_par' dir='ltr' id='par_1_3' title="bbox 184 513 510 558">
     <span class='ocr_line' id='line_1_4' title="bbox 184 513 510 558; baseline -0.009 -11"><span class='ocrx_word' id='word_1_20' title='bbox 184 514 378 547; x_wconf 86' lang='lat' dir='ltr'>XXXIIII.</span> <span class='ocrx_word' id='word_1_21' title='bbox 398 513 510 558; x_wconf 82' lang='lat' dir='ltr'>Eopa.</span> 
     </span>
    </p>

    <p class='ocr_par' dir='ltr' id='par_1_4' title="bbox 186 572 451 606">
     <span class='ocr_line' id='line_1_5' title="bbox 186 572 451 606; baseline -0.004 0"><span class='ocrx_word' id='word_1_22' title='bbox 186 573 336 606; x_wconf 83' lang='lat' dir='ltr'>XXXV.</span> <span class='ocrx_word' id='word_1_23' title='bbox 355 572 451 605; x_wconf 79' lang='lat' dir='ltr'>Eafe.</span> 
     </span>
    </p>

    <p class='ocr_par' dir='ltr' id='par_1_5' title="bbox 185 629 592 666">
     <span class='ocr_line' id='line_1_6' title="bbox 185 629 592 666; baseline -0.007 -1"><span class='ocrx_word' id='word_1_24' title='bbox 185 632 354 666; x_wconf 85' lang='lat' dir='ltr'>XXXVI.</span> <span class='ocrx_word' id='word_1_25' title='bbox 376 629 592 666; x_wconf 87' lang='lat' dir='ltr'>Ealhmund.</span> 
     </span>
    </p>

    <p class='ocr_par' dir='ltr' id='par_1_6' title="bbox 185 689 818 734">
     <span class='ocr_line' id='line_1_7' title="bbox 185 689 818 734; baseline -0.002 -10"><span class='ocrx_word' id='word_1_26' title='bbox 185 691 372 724; x_wconf 85' lang='lat' dir='ltr'>XXXVII.</span> <span class='ocrx_word' id='word_1_27' title='bbox 392 690 594 734; x_wconf 77' lang='lat' dir='ltr'>Egbertum.</span> <span class='ocrx_word' id='word_1_28' title='bbox 617 689 682 722; x_wconf 88' lang='lat' dir='ltr'>Hic</span> <span class='ocrx_word' id='word_1_29' title='bbox 698 691 818 734; x_wconf 85' lang='lat' dir='ltr'>genuit</span> 
     </span>
    </p>

    <p class='ocr_par' dir='ltr' id='par_1_7' title="bbox 184 747 1227 796">
     <span class='ocr_line' id='line_1_8' title="bbox 184 747 1227 796; baseline 0 -14"><span class='ocrx_word' id='word_1_30' title='bbox 184 749 393 782; x_wconf 84' lang='lat' dir='ltr'>XXXVIII.</span> <span class='ocrx_word' id='word_1_31' title='bbox 410 747 635 781; x_wconf 79' lang='lat' dir='ltr'>Adelvulfum</span> <span class='ocrx_word' id='word_1_32' title='bbox 651 748 815 781; x_wconf 83' lang='lat' dir='ltr'>clericum</span> <span class='ocrx_word' id='word_1_33' title='bbox 834 757 865 782; x_wconf 85' lang='lat' dir='ltr'>et</span> <span class='ocrx_word' id='word_1_34' title='bbox 879 761 1008 795; x_wconf 85' lang='lat' dir='ltr'>regem.</span> <span class='ocrx_word' id='word_1_35' title='bbox 1025 749 1090 782; x_wconf 90' lang='lat' dir='ltr'>Hic</span> <span class='ocrx_word' id='word_1_36' title='bbox 1107 749 1227 796; x_wconf 84' lang='lat' dir='ltr'>genuit</span> 
     </span>
    </p>

    <p class='ocr_par' dir='ltr' id='par_1_8' title="bbox 137 806 1548 1095">
     <span class='ocr_line' id='line_1_9' title="bbox 184 806 1545 853; baseline -0.001 -11"><span class='ocrx_word' id='word_1_37' title='bbox 184 808 354 843; x_wconf 87' lang='lat' dir='ltr'>XXXIX.</span> <span class='ocrx_word' id='word_1_38' title='bbox 386 806 565 841; x_wconf 84' lang='lat' dir='ltr'>Edredum</span> <span class='ocrx_word' id='word_1_39' title='bbox 583 816 613 840; x_wconf 86' lang='lat' dir='ltr'>et</span> <span class='ocrx_word' id='word_1_40' title='bbox 636 806 830 842; x_wconf 77' lang='lat' dir='ltr'>Alfredum.</span> <span class='ocrx_word' id='word_1_41' title='bbox 857 807 901 840; x_wconf 85' lang='lat' dir='ltr'>Hi</span> <span class='ocrx_word' id='word_1_42' title='bbox 926 806 997 840; x_wconf 92' lang='lat' dir='ltr'>duo</span> <span class='ocrx_word' id='word_1_43' title='bbox 1021 808 1140 841; x_wconf 83' lang='lat' dir='ltr'>fratres</span> <span class='ocrx_word' id='word_1_44' title='bbox 1164 817 1285 841; x_wconf 83' lang='lat' dir='ltr'>contra</span> <span class='ocrx_word' id='word_1_45' title='bbox 1306 808 1424 841; x_wconf 79' lang='lat' dir='ltr'>Danos</span> <span class='ocrx_word' id='word_1_46' title='bbox 1449 807 1545 853; x_wconf 83' lang='lat' dir='ltr'>apud</span> 
     </span>
     <span class='ocr_line' id='line_1_10' title="bbox 138 866 1544 913; baseline -0.002 -11"><span class='ocrx_word' id='word_1_47' title='bbox 138 867 327 902; x_wconf 78' lang='lat' dir='ltr'>Escesdum</span> <span class='ocrx_word' id='word_1_48' title='bbox 357 874 615 913; x_wconf 79' lang='lat' dir='ltr'>pugnaverunt,</span> <span class='ocrx_word' id='word_1_49' title='bbox 635 875 667 899; x_wconf 88' lang='lat' dir='ltr'>et</span> <span class='ocrx_word' id='word_1_50' title='bbox 685 867 818 911; x_wconf 82' lang='lat' dir='ltr'>Hagseg</span> <span class='ocrx_word' id='word_1_51' title='bbox 842 879 957 911; x_wconf 82' lang='lat' dir='ltr'>regem</span> <span class='ocrx_word' id='word_1_52' title='bbox 975 875 1007 899; x_wconf 87' lang='lat' dir='ltr'>et</span> <span class='ocrx_word' id='word_1_53' title='bbox 1024 879 1044 900; x_wconf 86' lang='lat' dir='ltr'>v</span> <span class='ocrx_word' id='word_1_54' title='bbox 1063 867 1221 907; x_wconf 73' lang='lat' dir='ltr'>comites,</span> <span class='ocrx_word' id='word_1_55' title='bbox 1241 866 1377 908; x_wconf 85' lang='lat' dir='ltr'>Sidroc,</span> <span class='ocrx_word' id='word_1_56' title='bbox 1396 867 1544 912; x_wconf 84' lang='lat' dir='ltr'>Osbern,</span> 
     </span>
     <span class='ocr_line' id='line_1_11' title="bbox 138 924 1545 970; baseline -0.002 -9"><span class='ocrx_word' id='word_1_57' title='bbox 138 929 249 961; x_wconf 85' lang='lat' dir='ltr'>Frena</span> <span class='ocrx_word' id='word_1_58' title='bbox 275 936 307 960; x_wconf 88' lang='lat' dir='ltr'>et</span> <span class='ocrx_word' id='word_1_59' title='bbox 334 925 467 960; x_wconf 77' lang='lat' dir='ltr'>Ilarold</span> <span class='ocrx_word' id='word_1_60' title='bbox 494 925 711 959; x_wconf 81' lang='lat' dir='ltr'>occiderunt.</span> <span class='ocrx_word' id='word_1_61' title='bbox 731 926 834 958; x_wconf 89' lang='lat' dir='ltr'>Tunc</span> <span class='ocrx_word' id='word_1_62' title='bbox 860 937 957 970; x_wconf 84' lang='lat' dir='ltr'>reges</span> <span class='ocrx_word' id='word_1_63' title='bbox 984 926 1168 958; x_wconf 81' lang='lat' dir='ltr'>Danorum</span> <span class='ocrx_word' id='word_1_64' title='bbox 1193 924 1372 967; x_wconf 84' lang='lat' dir='ltr'>Gudrum,</span> <span class='ocrx_word' id='word_1_65' title='bbox 1391 925 1545 967; x_wconf 78' lang='lat' dir='ltr'>Oskitel,</span> 
     </span>
     <span class='ocr_line' id='line_1_12' title="bbox 139 984 1548 1032; baseline -0.001 -11"><span class='ocrx_word' id='word_1_66' title='bbox 139 987 300 1030; x_wconf 88' lang='lat' dir='ltr'>Amund,</span> <span class='ocrx_word' id='word_1_67' title='bbox 319 986 509 1029; x_wconf 80' lang='lat' dir='ltr'>Halsdene,</span> <span class='ocrx_word' id='word_1_68' title='bbox 540 987 668 1032; x_wconf 83' lang='lat' dir='ltr'>Inguar</span> <span class='ocrx_word' id='word_1_69' title='bbox 698 994 729 1018; x_wconf 92' lang='lat' dir='ltr'>et</span> <span class='ocrx_word' id='word_1_70' title='bbox 758 985 861 1017; x_wconf 79' lang='lat' dir='ltr'>Huba</span> <span class='ocrx_word' id='word_1_71' title='bbox 879 985 1028 1030; x_wconf 82' lang='lat' dir='ltr'>graviter</span> <span class='ocrx_word' id='word_1_72' title='bbox 1049 986 1209 1030; x_wconf 80' lang='lat' dir='ltr'>Angliam</span> <span class='ocrx_word' id='word_1_73' title='bbox 1229 984 1508 1028; x_wconf 82' lang='lat' dir='ltr'>devastaverunt,</span> <span class='ocrx_word' id='word_1_74' title='bbox 1528 999 1548 1020; x_wconf 81' lang='lat' dir='ltr'>a</span> 
     </span>
     <span class='ocr_line' id='line_1_13' title="bbox 137 1044 1410 1095; baseline -0.004 -13"><span class='ocrx_word' id='word_1_75' title='bbox 137 1050 264 1095; x_wconf 85' lang='lat' dir='ltr'>quibus</span> <span class='ocrx_word' id='word_1_76' title='bbox 282 1047 490 1082; x_wconf 81' lang='lat' dir='ltr'>Edmundus</span> <span class='ocrx_word' id='word_1_77' title='bbox 510 1046 754 1091; x_wconf 84' lang='lat' dir='ltr'>Estanglorum</span> <span class='ocrx_word' id='word_1_78' title='bbox 772 1058 831 1078; x_wconf 84' lang='lat' dir='ltr'>rex</span> <span class='ocrx_word' id='word_1_79' title='bbox 849 1045 975 1090; x_wconf 86' lang='lat' dir='ltr'>aliique</span> <span class='ocrx_word' id='word_1_80' title='bbox 991 1044 1062 1078; x_wconf 86' lang='lat' dir='ltr'>duo</span> <span class='ocrx_word' id='word_1_81' title='bbox 1082 1057 1178 1090; x_wconf 83' lang='lat' dir='ltr'>reges</span> <span class='ocrx_word' id='word_1_82' title='bbox 1197 1045 1301 1078; x_wconf 87' lang='lat' dir='ltr'>occisi</span> <span class='ocrx_word' id='word_1_83' title='bbox 1318 1053 1410 1078; x_wconf 84' lang='lat' dir='ltr'>sunt.</span> 
     </span>
    </p>

    <p class='ocr_par' dir='ltr' id='par_1_9' title="bbox 139 1103 1547 1206">
     <span class='ocr_line' id='line_1_14' title="bbox 189 1103 1547 1154; baseline -0.003 -13"><span class='ocrx_word' id='word_1_84' title='bbox 189 1109 263 1141; x_wconf 90' lang='lat' dir='ltr'>XL.</span> <span class='ocrx_word' id='word_1_85' title='bbox 280 1108 344 1140; x_wconf 88' lang='lat' dir='ltr'>Hic</span> <span class='ocrx_word' id='word_1_86' title='bbox 365 1104 555 1154; x_wconf 78' lang='lat' dir='ltr'>[Alfredus]</span> <span class='ocrx_word' id='word_1_87' title='bbox 577 1104 694 1150; x_wconf 84' lang='lat' dir='ltr'>genuit</span> <span class='ocrx_word' id='word_1_88' title='bbox 715 1103 945 1150; x_wconf 87' lang='lat' dir='ltr'>Egelfledam,</span> <span class='ocrx_word' id='word_1_89' title='bbox 964 1103 1165 1150; x_wconf 85' lang='lat' dir='ltr'>Edlgeovu,</span> <span class='ocrx_word' id='word_1_90' title='bbox 1187 1104 1448 1139; x_wconf 83' lang='lat' dir='ltr'>Edelvuardum</span> <span class='ocrx_word' id='word_1_91' title='bbox 1464 1105 1547 1138; x_wconf 84' lang='lat' dir='ltr'>lite-</span> 
     </span>
     <span class='ocr_line' id='line_1_15' title="bbox 139 1163 708 1206; baseline -0.009 -6"><span class='ocrx_word' id='word_1_92' title='bbox 139 1175 270 1206; x_wconf 82' lang='lat' dir='ltr'>ratum,</span> <span class='ocrx_word' id='word_1_93' title='bbox 294 1163 499 1198; x_wconf 86' lang='lat' dir='ltr'>Eduardum</span> <span class='ocrx_word' id='word_1_94' title='bbox 524 1164 708 1196; x_wconf 75' lang='lat' dir='ltr'>seniorem.</span> 
     </span>
    </p>

    <p class='ocr_par' dir='ltr' id='par_1_10' title="bbox 187 1219 1477 1270">
     <span class='ocr_line' id='line_1_16' title="bbox 187 1219 1477 1270; baseline -0.003 -12"><span class='ocrx_word' id='word_1_95' title='bbox 187 1226 280 1259; x_wconf 90' lang='lat' dir='ltr'>XLI.</span> <span class='ocrx_word' id='word_1_96' title='bbox 301 1225 365 1257; x_wconf 83' lang='lat' dir='ltr'>Hic</span> <span class='ocrx_word' id='word_1_97' title='bbox 389 1220 606 1270; x_wconf 73' lang='lat' dir='ltr'>[Eduardus]</span> <span class='ocrx_word' id='word_1_98' title='bbox 626 1221 746 1268; x_wconf 71' lang='lat' dir='ltr'>genuit</span> <span class='ocrx_word' id='word_1_99' title='bbox 764 1221 1003 1265; x_wconf 76' lang='lat' dir='ltr'>Edelstanum‚</span> <span class='ocrx_word' id='word_1_100' title='bbox 1021 1221 1215 1265; x_wconf 85' lang='lat' dir='ltr'>Edredum,</span> <span class='ocrx_word' id='word_1_101' title='bbox 1233 1219 1477 1254; x_wconf 87' lang='lat' dir='ltr'>Edmundum.</span> 
     </span>
    </p>

    <p class='ocr_par' dir='ltr' id='par_1_11' title="bbox 185 1279 1175 1329">
     <span class='ocr_line' id='line_1_17' title="bbox 185 1279 1175 1329; baseline -0.003 -12"><span class='ocrx_word' id='word_1_102' title='bbox 185 1285 299 1317; x_wconf 92' lang='lat' dir='ltr'>XLII.</span> <span class='ocrx_word' id='word_1_103' title='bbox 319 1283 384 1315; x_wconf 85' lang='lat' dir='ltr'>Hic</span> <span class='ocrx_word' id='word_1_104' title='bbox 407 1279 644 1329; x_wconf 76' lang='lat' dir='ltr'>[Ednmndus]</span> <span class='ocrx_word' id='word_1_105' title='bbox 661 1281 778 1326; x_wconf 86' lang='lat' dir='ltr'>genuit</span> <span class='ocrx_word' id='word_1_106' title='bbox 796 1280 962 1323; x_wconf 87' lang='lat' dir='ltr'>Eduium,</span> <span class='ocrx_word' id='word_1_107' title='bbox 985 1280 1175 1327; x_wconf 85' lang='lat' dir='ltr'>Edgarum.</span> 
     </span>
    </p>

    <p class='ocr_par' dir='ltr' id='par_1_12' title="bbox 139 1337 1547 1448">
     <span class='ocr_line' id='line_1_18' title="bbox 185 1337 1547 1388; baseline -0.003 -12"><span class='ocrx_word' id='word_1_108' title='bbox 185 1343 317 1376; x_wconf 90' lang='lat' dir='ltr'>XLIII.</span> <span class='ocrx_word' id='word_1_109' title='bbox 339 1341 403 1374; x_wconf 88' lang='lat' dir='ltr'>Hic</span> <span class='ocrx_word' id='word_1_110' title='bbox 429 1338 616 1388; x_wconf 75' lang='lat' dir='ltr'>[Edgarus]</span> <span class='ocrx_word' id='word_1_111' title='bbox 634 1340 751 1385; x_wconf 86' lang='lat' dir='ltr'>genuit</span> <span class='ocrx_word' id='word_1_112' title='bbox 770 1339 812 1373; x_wconf 90' lang='lat' dir='ltr'>de</span> <span class='ocrx_word' id='word_1_113' title='bbox 830 1339 1018 1374; x_wconf 74' lang='lat' dir='ltr'>Wilstrida</span> <span class='ocrx_word' id='word_1_114' title='bbox 1034 1338 1283 1381; x_wconf 80' lang='lat' dir='ltr'>Edvuardum3</span> <span class='ocrx_word' id='word_1_115' title='bbox 1305 1337 1348 1372; x_wconf 87' lang='lat' dir='ltr'>de</span> <span class='ocrx_word' id='word_1_116' title='bbox 1369 1338 1547 1381; x_wconf 81' lang='lat' dir='ltr'>Elfstrida,</span> 
     </span>
     <span class='ocr_line' id='line_1_19' title="bbox 139 1400 608 1448; baseline -0.004 -12"><span class='ocrx_word' id='word_1_117' title='bbox 139 1400 359 1448; x_wconf 81' lang='lat' dir='ltr'>Egelredum.</span> <span class='ocrx_word' id='word_1_118' title='bbox 381 1400 494 1433; x_wconf 85' lang='lat' dir='ltr'>Occisi</span> <span class='ocrx_word' id='word_1_119' title='bbox 515 1408 608 1434; x_wconf 89' lang='lat' dir='ltr'>sunt.</span> 
     </span>
    </p>

    <p class='ocr_par' dir='ltr' id='par_1_13' title="bbox 137 1456 1548 1556">
     <span class='ocr_line' id='line_1_20' title="bbox 184 1456 1548 1507; baseline -0.002 -13"><span class='ocrx_word' id='word_1_120' title='bbox 184 1461 338 1494; x_wconf 91' lang='lat' dir='ltr'>XLIIII.</span> <span class='ocrx_word' id='word_1_121' title='bbox 358 1460 422 1493; x_wconf 92' lang='lat' dir='ltr'>Hic</span> <span class='ocrx_word' id='word_1_122' title='bbox 447 1457 664 1507; x_wconf 81' lang='lat' dir='ltr'>[Egelredus]</span> <span class='ocrx_word' id='word_1_123' title='bbox 687 1458 806 1504; x_wconf 84' lang='lat' dir='ltr'>genuit</span> <span class='ocrx_word' id='word_1_124' title='bbox 828 1457 1076 1503; x_wconf 81' lang='lat' dir='ltr'>Edvuardum‚</span> <span class='ocrx_word' id='word_1_125' title='bbox 1097 1458 1299 1501; x_wconf 70' lang='lat' dir='ltr'>Alfi-edum,</span> <span class='ocrx_word' id='word_1_126' title='bbox 1320 1456 1548 1492; x_wconf 65' lang='lat' dir='ltr'>Edu-‚undum</span> 
     </span>
     <span class='ocr_line' id='line_1_21' title="bbox 137 1520 305 1556; baseline -0.012 -1"><span class='ocrx_word' id='word_1_127' title='bbox 137 1520 305 1556; x_wconf 86' lang='lat' dir='ltr'>Irneside.</span> 
     </span>
    </p>

    <p class='ocr_par' dir='ltr' id='par_1_14' title="bbox 184 1576 1275 1626">
     <span class='ocr_line' id='line_1_22' title="bbox 184 1576 1275 1626; baseline 0.001 -13"><span class='ocrx_word' id='word_1_128' title='bbox 184 1581 295 1614; x_wconf 92' lang='lat' dir='ltr'>XLV.</span> <span class='ocrx_word' id='word_1_129' title='bbox 315 1579 380 1612; x_wconf 90' lang='lat' dir='ltr'>Hic</span> <span class='ocrx_word' id='word_1_130' title='bbox 400 1576 636 1626; x_wconf 79' lang='lat' dir='ltr'>[Edmundus]</span> <span class='ocrx_word' id='word_1_131' title='bbox 659 1579 777 1624; x_wconf 85' lang='lat' dir='ltr'>genuit</span> <span class='ocrx_word' id='word_1_132' title='bbox 794 1578 1036 1621; x_wconf 75' lang='lat' dir='ltr'>Edinundum,</span> <span class='ocrx_word' id='word_1_133' title='bbox 1056 1578 1275 1614; x_wconf 73' lang='lat' dir='ltr'>Eduardum.</span> 
     </span>
    </p>

    <p class='ocr_par' dir='ltr' id='par_1_15' title="bbox 139 1635 1547 1745">
     <span class='ocr_line' id='line_1_23' title="bbox 184 1635 1547 1684; baseline -0.002 -11"><span class='ocrx_word' id='word_1_134' title='bbox 184 1639 313 1673; x_wconf 89' lang='lat' dir='ltr'>XLVI.</span> <span class='ocrx_word' id='word_1_135' title='bbox 342 1638 406 1670; x_wconf 90' lang='lat' dir='ltr'>Hic</span> <span class='ocrx_word' id='word_1_136' title='bbox 434 1635 649 1684; x_wconf 83' lang='lat' dir='ltr'>[Eduardus]</span> <span class='ocrx_word' id='word_1_137' title='bbox 676 1638 792 1683; x_wconf 79' lang='lat' dir='ltr'>genuit</span> <span class='ocrx_word' id='word_1_138' title='bbox 821 1637 998 1683; x_wconf 81' lang='lat' dir='ltr'>Edgarum</span> <span class='ocrx_word' id='word_1_139' title='bbox 1028 1637 1217 1671; x_wconf 82' lang='lat' dir='ltr'>Aclelinum</span> <span class='ocrx_word' id='word_1_140' title='bbox 1243 1647 1274 1672; x_wconf 89' lang='lat' dir='ltr'>et</span> <span class='ocrx_word' id='word_1_141' title='bbox 1302 1637 1547 1684; x_wconf 84' lang='lat' dir='ltr'>Margariatam</span> 
     </span>
     <span class='ocr_line' id='line_1_24' title="bbox 139 1697 1130 1745; baseline -0.002 -12"><span class='ocrx_word' id='word_1_142' title='bbox 139 1699 293 1745; x_wconf 77' lang='lat' dir='ltr'>reginam</span> <span class='ocrx_word' id='word_1_143' title='bbox 310 1698 496 1731; x_wconf 79' lang='lat' dir='ltr'>Scotorum</span> <span class='ocrx_word' id='word_1_144' title='bbox 513 1706 544 1730; x_wconf 81' lang='lat' dir='ltr'>ct</span> <span class='ocrx_word' id='word_1_145' title='bbox 562 1697 796 1731; x_wconf 74' lang='lat' dir='ltr'>Christianam</span> <span class='ocrx_word' id='word_1_146' title='bbox 816 1698 1130 1732; x_wconf 77' lang='lat' dir='ltr'>sanctimonialem.</span> 
     </span>
    </p>

    <p class='ocr_par' dir='ltr' id='par_1_16' title="bbox 137 1754 1549 1910">
     <span class='ocr_line' id='line_1_25' title="bbox 183 1754 1549 1805; baseline -0.001 -14"><span class='ocrx_word' id='word_1_147' title='bbox 183 1759 333 1791; x_wconf 81' lang='lat' dir='ltr'>XLVII.</span> <span class='ocrx_word' id='word_1_148' title='bbox 351 1757 423 1790; x_wconf 79' lang='lat' dir='ltr'>Hec</span> <span class='ocrx_word' id='word_1_149' title='bbox 442 1754 679 1805; x_wconf 82' lang='lat' dir='ltr'>[Margariata]</span> <span class='ocrx_word' id='word_1_150' title='bbox 695 1758 829 1803; x_wconf 83' lang='lat' dir='ltr'>peperit</span> <span class='ocrx_word' id='word_1_151' title='bbox 845 1759 1022 1791; x_wconf 86' lang='lat' dir='ltr'>Melcomo</span> <span class='ocrx_word' id='word_1_152' title='bbox 1038 1759 1108 1804; x_wconf 81' lang='lat' dir='ltr'>regi</span> <span class='ocrx_word' id='word_1_153' title='bbox 1125 1759 1310 1792; x_wconf 85' lang='lat' dir='ltr'>Scotorum</span> <span class='ocrx_word' id='word_1_154' title='bbox 1327 1766 1395 1790; x_wconf 83' lang='lat' dir='ltr'>tres</span> <span class='ocrx_word' id='word_1_155' title='bbox 1411 1757 1501 1790; x_wconf 82' lang='lat' dir='ltr'>filios</span> <span class='ocrx_word' id='word_1_156' title='bbox 1517 1765 1549 1790; x_wconf 88' lang='lat' dir='ltr'>et</span> 
     </span>
     <span class='ocr_line' id='line_1_26' title="bbox 137 1815 1547 1862; baseline -0.001 -11"><span class='ocrx_word' id='word_1_157' title='bbox 137 1817 223 1851; x_wconf 88' lang='lat' dir='ltr'>duas</span> <span class='ocrx_word' id='word_1_158' title='bbox 239 1818 325 1851; x_wconf 83' lang='lat' dir='ltr'>filias</span> <span class='ocrx_word' id='word_1_159' title='bbox 345 1829 352 1851; x_wconf 93' lang='lat'>:</span> <span class='ocrx_word' id='word_1_160' title='bbox 372 1815 551 1862; x_wconf 85' lang='lat' dir='ltr'>Edgarum</span> <span class='ocrx_word' id='word_1_161' title='bbox 565 1844 572 1858; x_wconf 90' lang='lat'>,</span> <span class='ocrx_word' id='word_1_162' title='bbox 591 1816 831 1850; x_wconf 79' lang='lat' dir='ltr'>Alexandrum</span> <span class='ocrx_word' id='word_1_163' title='bbox 845 1844 853 1859; x_wconf 89' lang='lat'><strong><em>‚</em></strong></span> <span class='ocrx_word' id='word_1_164' title='bbox 870 1817 1002 1861; x_wconf 86' lang='lat' dir='ltr'>David,</span> <span class='ocrx_word' id='word_1_165' title='bbox 1020 1817 1102 1852; x_wconf 84' lang='lat' dir='ltr'>Edit</span> <span class='ocrx_word' id='word_1_166' title='bbox 1119 1819 1173 1852; x_wconf 83' lang='lat' dir='ltr'>vel</span> <span class='ocrx_word' id='word_1_167' title='bbox 1197 1817 1404 1852; x_wconf 80' lang='lat' dir='ltr'>Mathildem</span> <span class='ocrx_word' id='word_1_168' title='bbox 1423 1826 1454 1850; x_wconf 91' lang='lat' dir='ltr'>et</span> <span class='ocrx_word' id='word_1_169' title='bbox 1472 1818 1547 1850; x_wconf 85' lang='lat' dir='ltr'>Ma-</span> 
     </span>
     <span class='ocr_line' id='line_1_27' title="bbox 140 1877 240 1910; baseline -0.01 0"><span class='ocrx_word' id='word_1_170' title='bbox 140 1877 240 1910; x_wconf 87' lang='lat' dir='ltr'>riam.</span> 
     </span>
    </p>

    <p class='ocr_par' dir='ltr' id='par_1_17' title="bbox 140 1933 1548 2039">
     <span class='ocr_line' id='line_1_28' title="bbox 184 1933 1548 1984; baseline -0.001 -15"><span class='ocrx_word' id='word_1_171' title='bbox 184 1936 351 1970; x_wconf 85' lang='lat' dir='ltr'>XLVIII.</span> <span class='ocrx_word' id='word_1_172' title='bbox 374 1935 447 1968; x_wconf 89' lang='lat' dir='ltr'>Hec</span> <span class='ocrx_word' id='word_1_173' title='bbox 475 1934 569 1980; x_wconf 87' lang='lat' dir='ltr'>[Edit</span> <span class='ocrx_word' id='word_1_174' title='bbox 595 1936 649 1968; x_wconf 81' lang='lat' dir='ltr'>vel</span> <span class='ocrx_word' id='word_1_175' title='bbox 674 1933 868 1984; x_wconf 73' lang='lat' dir='ltr'>Mathildis]</span> <span class='ocrx_word' id='word_1_176' title='bbox 895 1936 1031 1983; x_wconf 77' lang='lat' dir='ltr'>peperit</span> <span class='ocrx_word' id='word_1_177' title='bbox 1057 1937 1208 1970; x_wconf 88' lang='lat' dir='ltr'>Henrico</span> <span class='ocrx_word' id='word_1_178' title='bbox 1235 1936 1307 1982; x_wconf 85' lang='lat' dir='ltr'>regi</span> <span class='ocrx_word' id='word_1_179' title='bbox 1323 1936 1548 1970; x_wconf 89' lang='lat' dir='ltr'>Willelmum</span> 
     </span>
     <span class='ocr_line' id='line_1_29' title="bbox 140 1993 854 2039; baseline 0.001 -11"><span class='ocrx_word' id='word_1_180' title='bbox 140 1994 338 2032; x_wconf 87' lang='lat' dir='ltr'>Adelinum,</span> <span class='ocrx_word' id='word_1_181' title='bbox 358 1993 563 2027; x_wconf 85' lang='lat' dir='ltr'>Mathildem</span> <span class='ocrx_word' id='word_1_182' title='bbox 584 1994 854 2039; x_wconf 84' lang='lat' dir='ltr'>imperatricem.</span> 
     </span>
    </p>

    <p class='ocr_par' dir='ltr' id='par_1_18' title="bbox 186 2053 983 2096">
     <span class='ocr_line' id='line_1_30' title="bbox 186 2053 983 2096; baseline 0.001 -10"><span class='ocrx_word' id='word_1_183' title='bbox 186 2053 315 2087; x_wconf 75' lang='lat' dir='ltr'>XLIX.</span> <span class='ocrx_word' id='word_1_184' title='bbox 334 2053 523 2093; x_wconf 85' lang='lat' dir='ltr'>Henricus‚</span> <span class='ocrx_word' id='word_1_185' title='bbox 542 2053 761 2096; x_wconf 87' lang='lat' dir='ltr'>Willelmus,</span> <span class='ocrx_word' id='word_1_186' title='bbox 779 2053 983 2087; x_wconf 81' lang='lat' dir='ltr'>Gaufridus.</span> 
     </span>
    </p>

    <p class='ocr_par' dir='ltr' id='par_1_19' title="bbox 140 2110 1549 2215">
     <span class='ocr_line' id='line_1_31' title="bbox 187 2110 1549 2159; baseline -0.001 -15"><span class='ocrx_word' id='word_1_187' title='bbox 187 2113 227 2147; x_wconf 87' lang='lat' dir='ltr'>L.</span> <span class='ocrx_word' id='word_1_188' title='bbox 248 2111 432 2159; x_wconf 83' lang='lat' dir='ltr'>[Henricus</span> <span class='ocrx_word' id='word_1_189' title='bbox 449 2110 579 2158; x_wconf 78' lang='lat' dir='ltr'>genuit]</span> <span class='ocrx_word' id='word_1_190' title='bbox 597 2112 789 2145; x_wconf 81' lang='lat' dir='ltr'>Henricum</span> <span class='ocrx_word' id='word_1_191' title='bbox 807 2121 837 2145; x_wconf 88' lang='lat' dir='ltr'>et</span> <span class='ocrx_word' id='word_1_192' title='bbox 853 2112 1045 2146; x_wconf 82' lang='lat' dir='ltr'>Ricardum</span> <span class='ocrx_word' id='word_1_193' title='bbox 1063 2121 1093 2145; x_wconf 88' lang='lat' dir='ltr'>et</span> <span class='ocrx_word' id='word_1_194' title='bbox 1110 2111 1334 2154; x_wconf 88' lang='lat' dir='ltr'>Gaufridum,</span> <span class='ocrx_word' id='word_1_195' title='bbox 1350 2110 1469 2145; x_wconf 84' lang='lat' dir='ltr'>Arturi</span> <span class='ocrx_word' id='word_1_196' title='bbox 1486 2123 1549 2156; x_wconf 82' lang='lat' dir='ltr'>pa-</span> 
     </span>
     <span class='ocr_line' id='line_1_32' title="bbox 140 2169 1147 2215; baseline -0.002 -10"><span class='ocrx_word' id='word_1_197' title='bbox 140 2181 242 2211; x_wconf 83' lang='lat' dir='ltr'>trem,</span> <span class='ocrx_word' id='word_1_198' title='bbox 261 2178 292 2202; x_wconf 86' lang='lat' dir='ltr'>et</span> <span class='ocrx_word' id='word_1_199' title='bbox 307 2169 517 2211; x_wconf 83' lang='lat' dir='ltr'>Johannem,</span> <span class='ocrx_word' id='word_1_200' title='bbox 537 2169 595 2214; x_wconf 90' lang='lat' dir='ltr'>qui</span> <span class='ocrx_word' id='word_1_201' title='bbox 615 2169 721 2202; x_wconf 87' lang='lat' dir='ltr'>modo</span> <span class='ocrx_word' id='word_1_202' title='bbox 738 2178 856 2214; x_wconf 86' lang='lat' dir='ltr'>regnat</span> <span class='ocrx_word' id='word_1_203' title='bbox 875 2171 1020 2215; x_wconf 86' lang='lat' dir='ltr'>septimo</span> <span class='ocrx_word' id='word_1_204' title='bbox 1040 2183 1147 2203; x_wconf 77' lang='lat' dir='ltr'>anno,</span> 
     </span>
    </p>

    <p class='ocr_par' dir='ltr' id='par_1_20' title="bbox 141 2227 1552 2391">
     <span class='ocr_line' id='line_1_33' title="bbox 188 2227 1549 2274; baseline -0.001 -12"><span class='ocrx_word' id='word_1_205' title='bbox 188 2229 376 2262; x_wconf 80' lang='lat' dir='ltr'>Interfecto</span> <span class='ocrx_word' id='word_1_206' title='bbox 398 2236 511 2260; x_wconf 81' lang='lat' dir='ltr'>autem</span> <span class='ocrx_word' id='word_1_207' title='bbox 529 2230 630 2261; x_wconf 87' lang='lat' dir='ltr'>beato</span> <span class='ocrx_word' id='word_1_208' title='bbox 648 2227 838 2261; x_wconf 81' lang='lat' dir='ltr'>Edmundo</span> <span class='ocrx_word' id='word_1_209' title='bbox 853 2241 870 2261; x_wconf 84' lang='lat' dir='ltr'>a</span> <span class='ocrx_word' id='word_1_210' title='bbox 887 2229 1028 2274; x_wconf 85' lang='lat' dir='ltr'>prefatis</span> <span class='ocrx_word' id='word_1_211' title='bbox 1042 2229 1239 2274; x_wconf 77' lang='lat' dir='ltr'>gentilibus,</span> <span class='ocrx_word' id='word_1_212' title='bbox 1258 2227 1416 2261; x_wconf 89' lang='lat' dir='ltr'>Edredus</span> <span class='ocrx_word' id='word_1_213' title='bbox 1432 2227 1549 2261; x_wconf 85' lang='lat' dir='ltr'>Gewi-</span> 
     </span>
     <span class='ocr_line' id='line_1_34' title="bbox 141 2285 1552 2333; baseline -0.001 -11"><span class='ocrx_word' id='word_1_214' title='bbox 141 2300 259 2322; x_wconf 87' lang='lat' dir='ltr'>sorum</span> <span class='ocrx_word' id='word_1_215' title='bbox 279 2299 339 2320; x_wconf 86' lang='lat' dir='ltr'>rex</span> <span class='ocrx_word' id='word_1_216' title='bbox 358 2295 542 2332; x_wconf 86' lang='lat' dir='ltr'>superstes,</span> <span class='ocrx_word' id='word_1_217' title='bbox 559 2295 685 2331; x_wconf 85' lang='lat' dir='ltr'>quanta</span> <span class='ocrx_word' id='word_1_218' title='bbox 704 2287 819 2332; x_wconf 84' lang='lat' dir='ltr'>potuit</span> <span class='ocrx_word' id='word_1_219' title='bbox 840 2287 975 2328; x_wconf 86' lang='lat' dir='ltr'>virtute,</span> <span class='ocrx_word' id='word_1_220' title='bbox 995 2300 1143 2333; x_wconf 87' lang='lat' dir='ltr'>regnum</span> <span class='ocrx_word' id='word_1_221' title='bbox 1163 2295 1283 2320; x_wconf 87' lang='lat' dir='ltr'>contra</span> <span class='ocrx_word' id='word_1_222' title='bbox 1298 2287 1414 2320; x_wconf 83' lang='lat' dir='ltr'>hostes</span> <span class='ocrx_word' id='word_1_223' title='bbox 1430 2285 1552 2320; x_wconf 86' lang='lat' dir='ltr'>defen-</span> 
     </span>
     <span class='ocr_line' id='line_1_35' title="bbox 142 2346 372 2391; baseline -0.013 -10"><span class='ocrx_word' id='word_1_224' title='bbox 142 2348 222 2381; x_wconf 83' lang='lat' dir='ltr'>dere</span> <span class='ocrx_word' id='word_1_225' title='bbox 241 2346 372 2391; x_wconf 83' lang='lat' dir='ltr'>sategit.</span> 
     </span>
    </p>

    <p class='ocr_par' dir='ltr' id='par_1_21' title="bbox 142 2403 1554 2685">
     <span class='ocr_line' id='line_1_36' title="bbox 187 2403 1551 2452; baseline -0.002 -13"><span class='ocrx_word' id='word_1_226' title='bbox 187 2405 328 2439; x_wconf 84' lang='lat' dir='ltr'>Edredo</span> <span class='ocrx_word' id='word_1_227' title='bbox 358 2413 472 2438; x_wconf 85' lang='lat' dir='ltr'>autem</span> <span class='ocrx_word' id='word_1_228' title='bbox 498 2403 683 2446; x_wconf 76' lang='lat' dir='ltr'>defuncto,</span> <span class='ocrx_word' id='word_1_229' title='bbox 702 2403 864 2439; x_wconf 82' lang='lat' dir='ltr'>Alfredus</span> <span class='ocrx_word' id='word_1_230' title='bbox 884 2405 989 2438; x_wconf 82' lang='lat' dir='ltr'>frater</span> <span class='ocrx_word' id='word_1_231' title='bbox 1005 2407 1078 2452; x_wconf 87' lang='lat' dir='ltr'>ejus</span> <span class='ocrx_word' id='word_1_232' title='bbox 1094 2405 1130 2438; x_wconf 91' lang='lat' dir='ltr'>in</span> <span class='ocrx_word' id='word_1_233' title='bbox 1155 2418 1264 2451; x_wconf 84' lang='lat' dir='ltr'>regno</span> <span class='ocrx_word' id='word_1_234' title='bbox 1287 2405 1462 2440; x_wconf 82' lang='lat' dir='ltr'>successit.</span> <span class='ocrx_word' id='word_1_235' title='bbox 1481 2404 1551 2446; x_wconf 82' lang='lat' dir='ltr'>Qui</span> 
     </span>
     <span class='ocr_line' id='line_1_37' title="bbox 142 2464 1551 2510; baseline -0.001 -12"><span class='ocrx_word' id='word_1_236' title='bbox 142 2465 266 2498; x_wconf 83' lang='lat' dir='ltr'>virtute</span> <span class='ocrx_word' id='word_1_237' title='bbox 282 2464 346 2497; x_wconf 86' lang='lat' dir='ltr'>Dei</span> <span class='ocrx_word' id='word_1_238' title='bbox 362 2464 477 2498; x_wconf 85' lang='lat' dir='ltr'>hostes</span> <span class='ocrx_word' id='word_1_239' title='bbox 493 2472 550 2496; x_wconf 89' lang='lat' dir='ltr'>aut</span> <span class='ocrx_word' id='word_1_240' title='bbox 568 2464 714 2509; x_wconf 79' lang='lat' dir='ltr'>peremit</span> <span class='ocrx_word' id='word_1_241' title='bbox 731 2472 788 2497; x_wconf 85' lang='lat' dir='ltr'>aut</span> <span class='ocrx_word' id='word_1_242' title='bbox 805 2464 936 2509; x_wconf 56' lang='lat' dir='ltr'>expulit</span> <span class='ocrx_word' id='word_1_243' title='bbox 954 2473 1012 2497; x_wconf 87' lang='lat' dir='ltr'>aut</span> <span class='ocrx_word' id='word_1_244' title='bbox 1030 2465 1177 2510; x_wconf 79' lang='lat' dir='ltr'>subegit,</span> <span class='ocrx_word' id='word_1_245' title='bbox 1192 2474 1224 2498; x_wconf 91' lang='lat' dir='ltr'>et</span> <span class='ocrx_word' id='word_1_246' title='bbox 1241 2465 1374 2510; x_wconf 86' lang='lat' dir='ltr'>primus</span> <span class='ocrx_word' id='word_1_247' title='bbox 1391 2464 1551 2497; x_wconf 90' lang='lat' dir='ltr'>omnium</span> 
     </span>
     <span class='ocr_line' id='line_1_38' title="bbox 142 2522 1552 2570; baseline -0.001 -13"><span class='ocrx_word' id='word_1_248' title='bbox 142 2536 261 2570; x_wconf 84' lang='lat' dir='ltr'>regum</span> <span class='ocrx_word' id='word_1_249' title='bbox 284 2522 475 2567; x_wconf 86' lang='lat' dir='ltr'>Anglorum</span> <span class='ocrx_word' id='word_1_250' title='bbox 493 2523 735 2555; x_wconf 82' lang='lat' dir='ltr'>monarchiam</span> <span class='ocrx_word' id='word_1_251' title='bbox 760 2522 872 2555; x_wconf 83' lang='lat' dir='ltr'>tocius</span> <span class='ocrx_word' id='word_1_252' title='bbox 889 2524 1011 2568; x_wconf 83' lang='lat' dir='ltr'>Anglie</span> <span class='ocrx_word' id='word_1_253' title='bbox 1032 2524 1124 2556; x_wconf 86' lang='lat' dir='ltr'>solus</span> <span class='ocrx_word' id='word_1_254' title='bbox 1141 2523 1303 2557; x_wconf 86' lang='lat' dir='ltr'>obtinuit.</span> <span class='ocrx_word' id='word_1_255' title='bbox 1324 2523 1501 2556; x_wconf 85' lang='lat' dir='ltr'>Probitate</span> <span class='ocrx_word' id='word_1_256' title='bbox 1519 2531 1552 2556; x_wconf 90' lang='lat' dir='ltr'>et</span> 
     </span>
     <span class='ocr_line' id='line_1_39' title="bbox 142 2580 1554 2628; baseline -0.001 -12"><span class='ocrx_word' id='word_1_257' title='bbox 142 2583 346 2616; x_wconf 82' lang='lat' dir='ltr'>liberalitate</span> <span class='ocrx_word' id='word_1_258' title='bbox 373 2581 608 2626; x_wconf 84' lang='lat' dir='ltr'>laudabilique</span> <span class='ocrx_word' id='word_1_259' title='bbox 635 2580 855 2627; x_wconf 84' lang='lat' dir='ltr'>providentia</span> <span class='ocrx_word' id='word_1_260' title='bbox 881 2594 1001 2615; x_wconf 88' lang='lat' dir='ltr'>omnes</span> <span class='ocrx_word' id='word_1_261' title='bbox 1020 2582 1140 2628; x_wconf 82' lang='lat' dir='ltr'>Anglie</span> <span class='ocrx_word' id='word_1_262' title='bbox 1163 2595 1257 2628; x_wconf 82' lang='lat' dir='ltr'>reges</span> <span class='ocrx_word' id='word_1_263' title='bbox 1280 2582 1504 2628; x_wconf 86' lang='lat' dir='ltr'>precedentes</span> <span class='ocrx_word' id='word_1_264' title='bbox 1521 2590 1554 2614; x_wconf 86' lang='lat' dir='ltr'>et</span> 
     </span>
     <span class='ocr_line' id='line_1_40' title="bbox 143 2640 1185 2685; baseline -0.001 -10"><span class='ocrx_word' id='word_1_265' title='bbox 143 2641 401 2685; x_wconf 79' lang='lat' dir='ltr'>subsequentes,</span> <span class='ocrx_word' id='word_1_266' title='bbox 422 2648 459 2673; x_wconf 88' lang='lat' dir='ltr'>ut</span> <span class='ocrx_word' id='word_1_267' title='bbox 475 2652 567 2678; x_wconf 86' lang='lat' dir='ltr'>reor,</span> <span class='ocrx_word' id='word_1_268' title='bbox 585 2640 720 2672; x_wconf 81' lang='lat' dir='ltr'>excellit</span> <span class='ocrx_word' id='word_1_269' title='bbox 737 2640 960 2685; x_wconf 84' lang='lat' dir='ltr'>regnavitque</span> <span class='ocrx_word' id='word_1_270' title='bbox 977 2641 1076 2674; x_wconf 86' lang='lat' dir='ltr'>annis</span> <span class='ocrx_word' id='word_1_271' title='bbox 1090 2653 1185 2674; x_wconf 64' lang='lat' dir='ltr'>xxm.</span> 
     </span>
    </p>

    <p class='ocr_par' dir='ltr' id='par_1_22' title="bbox 143 2697 1553 2852">
     <span class='ocr_line' id='line_1_41' title="bbox 188 2697 1549 2746; baseline -0.003 -13"><span class='ocrx_word' id='word_1_272' title='bbox 188 2701 239 2733; x_wconf 77' lang='lat' dir='ltr'>Ex</span> <span class='ocrx_word' id='word_1_273' title='bbox 258 2701 406 2746; x_wconf 82' lang='lat' dir='ltr'>conjuge</span> <span class='ocrx_word' id='word_1_274' title='bbox 420 2712 481 2733; x_wconf 84' lang='lat' dir='ltr'>sua</span> <span class='ocrx_word' id='word_1_275' title='bbox 496 2699 680 2733; x_wconf 78' lang='lat' dir='ltr'>Ealsvud&#39;a</span> <span class='ocrx_word' id='word_1_276' title='bbox 699 2699 815 2744; x_wconf 82' lang='lat' dir='ltr'>genuit</span> <span class='ocrx_word' id='word_1_277' title='bbox 832 2699 1061 2733; x_wconf 82' lang='lat' dir='ltr'>Edvuardum</span> <span class='ocrx_word' id='word_1_278' title='bbox 1081 2701 1250 2733; x_wconf 86' lang='lat' dir='ltr'>seniorem</span> <span class='ocrx_word' id='word_1_279' title='bbox 1263 2727 1270 2740; x_wconf 86' lang='lat'>‚</span> <span class='ocrx_word' id='word_1_280' title='bbox 1298 2697 1549 2732; x_wconf 77' lang='lat' dir='ltr'>Edelvualdum</span> 
     </span>
     <span class='ocr_line' id='line_1_42' title="bbox 143 2757 1553 2804; baseline -0.003 -12"><span class='ocrx_word' id='word_1_281' title='bbox 143 2759 329 2798; x_wconf 83' lang='lat' dir='ltr'>literatum,</span> <span class='ocrx_word' id='word_1_282' title='bbox 346 2757 564 2804; x_wconf 84' lang='lat' dir='ltr'>Egelfredam</span> <span class='ocrx_word' id='word_1_283' title='bbox 579 2759 766 2804; x_wconf 83' lang='lat' dir='ltr'>conjugem</span> <span class='ocrx_word' id='word_1_284' title='bbox 780 2757 945 2791; x_wconf 82' lang='lat' dir='ltr'>Etheredi</span> <span class='ocrx_word' id='word_1_285' title='bbox 963 2759 1175 2792; x_wconf 80' lang='lat' dir='ltr'>Merciorum</span> <span class='ocrx_word' id='word_1_286' title='bbox 1189 2759 1336 2801; x_wconf 83' lang='lat' dir='ltr'>comitis,</span> <span class='ocrx_word' id='word_1_287' title='bbox 1352 2757 1553 2800; x_wconf 73' lang='lat' dir='ltr'>Edelgeovu</span> 
     </span>
     <span class='ocr_line' id='line_1_43' title="bbox 147 2817 369 2852; baseline -0.005 -2"><span class='ocrx_word' id='word_1_288' title='bbox 147 2817 369 2852; x_wconf 74' lang='lat' dir='ltr'>monacham.</span> 
     </span>
    </p>
   </div>
  </div>
 </body>
</html>
