2081 3408
471 288 545 323 120
850 287 1079 323 HISTORIA
1107 288 1487 326 ECCLESIASTICA.
1730 287 1866 336 [1139]

469 374 639 419 tiarum
659 383 752 419 tam
783 371 1059 419 sublimibus
1075 375 1183 420 viris
1200 375 1395 421 audacia
1415 376 1580 433 inerat,
1600 385 1868 438 temereque

469 451 646 495 vicinos
700 449 949 511 optimates
995 452 1133 496 variis
1175 452 1550 498 infestationibus
1609 453 1868 515 inquietare

467 525 792 590 praesumebat.
813 525 946 570 Unde
963 526 1146 572 furiosis
1161 529 1498 591 punctionibus
1512 530 1699 575 exerciti
1713 530 1869 592 plures

467 613 632 649 contra
656 620 736 648 eos
759 604 1166 667 conspiraverunt,
1194 615 1239 650 et
1262 608 1508 652 occasione
1533 617 1763 670 concepta
1787 624 1869 670 pa-

465 683 576 728 riter
600 685 979 742 insurrexerunt,
1012 685 1171 748 eisque
1195 685 1418 731 talionem
1442 688 1748 749 agitationum
1773 688 1870 733 illa-

466 769 621 806 tarum
671 761 931 825 rependere
973 763 1130 808 conati
1172 772 1296 808 sunt.
1341 766 1448 808 Duo
1489 765 1664 827 quippe
1711 765 1872 810 fratres

466 837 793 884 Gualerannus
833 849 878 884 et
917 838 1181 884 Rodbertus
1221 840 1416 885 comites
1443 841 1543 903 (4),
1586 850 1629 886 et
1666 841 1872 887 Alannus

468 912 527 958 de
552 915 723 960 Dinam
753 915 924 978 aliique
947 915 1104 978 plures
1130 916 1256 980 apud
1283 916 1600 962 Oxnesordam
1622 916 1786 962 urbem
1801 918 1871 979 (2)

466 991 747 1039 seditionem
780 1003 944 1039 contra
981 994 1202 1040 familiam
1227 994 1478 1058 praesulum
1502 1004 1770 1058 coeperunt,
1801 1004 1870 1051 et,

467 1071 631 1116 occisis
656 1087 709 1116 ex
745 1081 940 1134 utraque
972 1082 1103 1135 parte
1127 1071 1362 1135 pluribus,
1413 1073 1620 1135 episcopi
1652 1072 1875 1133 Rogerius

466 1156 513 1193 et
548 1147 810 1194 Alexander
838 1149 962 1212 capti
998 1159 1122 1194 sunt.
1156 1149 1350 1194 Eliensis
1375 1159 1532 1194 autem
1566 1148 1761 1211 przesul,
1795 1148 1876 1210 qui

467 1223 685 1270 nondum
710 1225 769 1270 ad
790 1226 967 1270 curiam
986 1226 1105 1287 regis
1125 1235 1341 1282 venerat,
1369 1225 1450 1270 sed
1482 1235 1609 1270 extra
1632 1224 1799 1269 urbem
1827 1225 1874 1269 in

468 1300 575 1347 villa
598 1317 706 1346 cum
734 1303 946 1365 parasitis
972 1303 1067 1347 suis
1090 1302 1354 1364 hospitatus
1384 1302 1549 1359 suerat,
1577 1300 1690 1345 diris
1713 1317 1875 1345 rumo-

468 1377 597 1422 ribus
620 1378 807 1438 auditis,
825 1380 933 1441 quia
957 1379 1077 1424 male
1098 1378 1185 1423 sibi
1208 1378 1425 1423 conscius
1446 1388 1561 1435 erat,
1587 1377 1647 1422 ad
1672 1377 1872 1434 invisas,

469 1453 775 1500 fortissimum
797 1455 1029 1519 oppidum
1055 1455 1142 1518 (3),
1172 1464 1363 1518 repente
1387 1454 1616 1515 confugit,
1636 1463 1681 1498 et
1714 1454 1761 1498 in
1787 1454 1877 1498 cir-

467 1532 645 1577 cumitu
664 1543 967 1578 concremata
982 1534 1171 1595 regione
1184 1533 1495 1578 munitionem
1511 1531 1873 1596 praeoccupavit,

468 1617 513 1652 et
537 1618 701 1654 contra
725 1626 883 1671 regem
911 1611 1019 1656 totis
1053 1610 1230 1655 nisibus
1264 1610 1448 1654 munire
1475 1609 1696 1655 decrevit.
1736 1608 1878 1664 Quod

468 1684 663 1730 audiens
683 1702 761 1731 rex
788 1687 932 1732 iratus
958 1688 1212 1733 exercitum
1237 1687 1491 1750 promovit,
1524 1697 1567 1731 et
1589 1702 1698 1731 cum
1722 1686 1879 1730 multis

469 1760 607 1805 minis
632 1763 939 1809 Guillelmum
969 1764 1027 1810 de
1051 1767 1158 1827 lpro
1187 1764 1257 1826 (li)
1290 1763 1533 1826 praemisit,
1559 1765 1722 1825 jurans
1745 1763 1876 1825 quod

472 1839 694 1899 Rogerius
715 1842 879 1902 praesul
898 1841 963 1886 nil
984 1851 1249 1886 vesceretur
1268 1841 1420 1885 donec
1456 1839 1620 1885 hostile
1645 1840 1877 1903 oppidum

469 1913 557 1959 sibi
595 1915 886 1962 redderetur.
932 1918 1179 1980 Rogerium
1214 1933 1405 1979 quoque
1444 1915 1592 1961 filium
1618 1916 1874 1979 pontificis,

469 2003 786 2053 cognomento
814 1997 1090 2057 Pauperem,
1112 1993 1472 2057 comprehendit
1496 2004 1540 2039 et
1566 2003 1673 2039 ante
1691 2004 1877 2057 portam

473 2067 516 2112 in
530 2079 786 2131 conspectu
804 2069 1046 2116 rebellium
1059 2071 1280 2134 suspendi
1292 2071 1526 2133 pracepit.
1546 2072 1690 2115 Mater
1702 2070 1878 2133 quippe

470 2144 586 2205 ejus,
608 2146 802 2192 nomine
823 2147 1129 2194 Mathildisde
1154 2147 1475 2205 Ramesburia,
1493 2146 1642 2210 pellex
1663 2147 1879 2192 videlicet

471 2220 696 2284 episcopi,
722 2223 1029 2286 principalem
1063 2224 1377 2268 munitionem
1409 2222 1640 2268 servabat.
1671 2222 1878 2268 Tandem

471 2297 830 2344 Salesburiensis
874 2300 1107 2363 pontifex,
1144 2310 1334 2363 accepta
1373 2300 1493 2360 regis
1523 2298 1731 2355 licentia,
1769 2316 1879 2345 cum

472 2383 647 2436 nepote
677 2391 762 2420 suo
793 2375 979 2422 locutus
1010 2386 1101 2435 est,
1131 2377 1379 2440 ipsumque
1404 2375 1605 2420 multum
1644 2375 1879 2437 redarguit

478 2508 565 2520 ια’--

557 2590 567 2636 )
597 2591 760 2635 Galeran‚
783 2601 896 2626 comte
914 2592 957 2626 de
981 2594 1135 2638 Mmssan,
1154 2603 1185 2628 et
1202 2595 1347 2634 Rolwrt,
1363 2602 1476 2627 comte
1491 2593 1534 2626 de
1552 2593 1734 2626 Leicester.

562 2651 572 2694 )
599 2650 749 2686 Oxford.

560 2706 567 2752 )
596 2708 755 2750 Devizcs,
778 2709 863 2743 (lans
884 2712 911 2743 le
931 2712 1128 2745 Wiltshirc.

558 2767 566 2813 )
594 2768 622 2801 G

520 2591 548 2636 (1

522 2650 555 2692 (⁹2

519 2707 555 2752 (3

521 2767 554 2812 (4
629 2768 790 2802 uillaume
808 2769 937 2815 d'Iprc.
958 2772 1051 2817 Voy.
1072 2773 1146 2817 plus
1163 2771 1264 2814 haut,
1280 2784 1316 2817 p⁴
1341 2774 1398 2803 84.
