2081 3408
441 280 455 315 1
467 279 516 315 ⁶22
821 279 1049 315 HISTORIA
1077 279 1455 316 ECCLESIASTICA.
1699 279 1731 327 [1
1746 282 1757 316 l
1769 280 1832 330 39]

441 366 624 411 malitiae
643 365 904 410 fomentum
930 366 1060 412 facile
1086 377 1196 412 tunc
1222 368 1489 428 extinguere
1513 367 1756 431 potuisset,
1776 369 1830 423 si,

439 442 740 488 calliditatem
767 442 1030 504 sapientum
1065 443 1298 499 imitatus,
1338 444 1502 507 lupum
1546 444 1604 489 ab
1644 445 1833 490 introitu

438 518 570 563 ovilis
596 519 752 563 statim
776 517 1042 580 expulisset3
1070 519 1124 576 si,
1159 520 1343 566 salvatis
1368 521 1549 579 ovibus,
1577 521 1836 582 malignan-

439 597 553 640 tium
585 596 842 658 nequitiam
869 596 915 640 in
948 595 1052 658 ipso
1076 597 1208 641 initio
1233 609 1624 661 praeoccupasset,
1652 609 1695 644 et
1716 600 1837 645 vires

439 672 672 719 lethiferas
704 674 751 718 in
791 672 1021 735 capitibus
1055 689 1220 718 eorum
1264 674 1345 736 qui
1393 675 1579 736 rapinas
1611 686 1654 721 et
1691 675 1838 721 caedes

438 749 689 795 hominum
746 750 999 812 patriaeque
1061 749 1480 813 depopulationem
1535 752 1801 813 quaerebant
1824 789 1834 810 ,

438 827 593 889 gladio
612 827 816 889 justitiae,
844 844 975 872 more
998 837 1203 890 patrum,
1224 828 1559 890 praesecuisset.

503 906 660 949 Mense
678 903 942 961 novembri,
969 906 1196 949 Rotrocus
1217 920 1375 949 comes
1391 904 1668 961 ttls›1·it0niae‚
1688 905 1837 966 pretio

437 981 717 1040 conductus,
736 984 930 1026 Pontem
947 980 1329 1043 Erclienfrediffl)
1349 981 1478 1040 adiit,
1495 981 1593 1036 sed,
1611 991 1719 1026 octo
1737 998 1839 1043 gre-

436 1060 572 1121 gariis
593 1058 815 1104 militibus
833 1060 911 1122 qui
932 1060 1055 1103 intus
1072 1057 1227 1103 inedia
1250 1057 1502 1102 interibant
1516 1074 1708 1103 manum
1728 1059 1839 1103 dan-

436 1136 574 1195 tibus,
589 1137 902 1181 munitionem
924 1136 1114 1199 recepit,
1129 1136 1415 1196 miserosque
1437 1135 1700 1197 municipes
1714 1134 1841 1179 abire

434 1213 737 1277 permittens,
765 1213 995 1276 oppidum
1030 1212 1228 1274 Rogerio
1258 1211 1316 1256 de
1352 1211 1551 1257 Platanis
1585 1211 1837 1257 commisit.

434 1291 564 1332 Tunc
584 1286 808 1332 Riboldus
833 1297 877 1331 et
897 1288 1057 1331 Simon
1084 1287 1226 1331 Rufus
1250 1285 1419 1348 aliique
1439 1296 1634 1348 nepotes
1660 1284 1841 1330 Radulfi

440 1364 538 1409 Rufi
560 1363 778 1409 velociter
798 1363 974 1426 expulsi
996 1373 1119 1421 sunt,
1145 1374 1189 1408 et
1211 1362 1507 1407 dominatum
1536 1363 1690 1421 castri,
1711 1362 1841 1424 quod

436 1441 662 1486 hactenus
688 1440 1010 1504 possederant,
1039 1449 1229 1503 repente
1250 1439 1558 1502 perdiderunt
1574 1439 1659 1501 (2).

502 1517 764 1563 Rodbertus
801 1517 858 1564 de
885 1517 1096 1562 Cadomo
1125 1532 1336 1561 sororem
1372 1532 1504 1561 suam
1543 1514 1837 1572 Mathildem,

431 1595 527 1657 jam
563 1596 609 1639 in
633 1594 794 1655 Anglia
817 1603 1069 1657 receptam,
1112 1595 1157 1638 in
1181 1595 1275 1638 suis
1308 1593 1553 1656 mappaliis
1578 1593 1842 1656 hospitatus

437 1680 522 1729 est,
555 1680 616 1727 et,
646 1670 806 1715 Gualis
838 1670 897 1714 ad
929 1669 1154 1714 auxilium
1190 1669 1258 1713 sui
1290 1669 1460 1725 ascitis,
1488 1669 1635 1714 nimia
1659 1668 1842 1714 malicia

439 1748 610 1811 passim
630 1747 932 1810 multiplicata
955 1756 1037 1791 est.
1069 1750 1181 1792 Nam
1204 1747 1308 1809 plus
1332 1763 1475 1808 quam
1500 1745 1663 1790 decem
1684 1745 1811 1791 miliat
1827 1781 1838 1802 ,

437 1836 488 1872 ut
525 1826 704 1881 ferunt,
740 1824 926 1869 barbari
950 1840 1032 1886 per
1060 1824 1271 1885 Angliam
1303 1823 1457 1868 diffusi
1492 1832 1624 1876 sunt,
1652 1823 1734 1885 qui
1757 1839 1842 1868 nec

434 1903 604 1949 sanetis
634 1902 747 1947 locis
772 1918 858 1947 nec
882 1901 1150 1946 reverentia}
1182 1901 1419 1961 religionis
1442 1900 1724 1963 parcebant,
1761 1900 1842 1945 sed

435 1980 609 2043 rapinis
629 1989 674 2024 et
697 1978 927 2023 incendiis
952 1987 1090 2040 atque
1116 1977 1320 2022 caedibus
1339 1977 1590 2021 bominum
1617 1977 1843 2022 instai‘iter

436 2057 729 2104 insistebant.
753 2056 1029 2117 Singillatim
1046 2055 1215 2100 referre
1239 2071 1425 2118 nequeo
1452 2064 1676 2117 quantam
1697 2054 1841 2100 afflic-

436 2136 612 2180 tionem
637 2133 832 2179 ecclesia
855 2133 939 2178 Dei
964 2148 1097 2196 passa
1127 2141 1195 2177 est
1226 2132 1273 2176 in
1303 2132 1397 2176 suis
1432 2131 1562 2187 filiis,
1593 2131 1673 2193 qui
1699 2132 1840 2177 veluti

435 2212 639 2276 pecudes
663 2211 835 2257 cotidie
860 2209 1218 2256 trucidabantur
1240 2209 1481 2254 Britonum
1508 2208 1685 2270 gladiis,

500 2292 633 2334 XLII.
674 2291 809 2333 Anno
841 2287 900 2332 ab
930 2286 1252 2332 incarnatione
1287 2285 1479 2330 Domini
1508 2302 1655 2342 Μαι,
1690 2284 1838 2330 indie—

438 2365 563 2410 tione
585 2383 657 2421 111,
682 2364 948 2427 Stephanus
979 2380 1057 2408 rex
1090 2362 1341 2407 concilium
1365 2362 1685 2422 congregavit,
1714 2371 1759 2406 et
1781 2362 1840 2407 ‹le

437 2450 557 2485 statu
588 2441 851 2504 reipublicae
877 2456 986 2485 cum
1006 2438 1278 2502 proceribus
1298 2439 1390 2482 suis
1415 2447 1611 2483 tractare
1640 2439 1834 2484 studuit.

486 2644 532 2689 (l)
560 2645 646 2676 Pont
663 2643 836 2675 Fclianfrc
848 2670 856 2685 ,
872 2643 1096 2688 aujourd'liui
1114 2644 1351 2676 Notrc-Dame
1368 2642 1415 2674 du
1434 2643 1567 2675 Ilanwl.

487 2704 535 2748 (2)
564 2703 655 2735 Dans
675 2703 704 2734 l‹·
720 2702 903 2747 prt‘em'wlvnt
925 2704 1079 2743 volume,
1104 2703 1124 2734 il
1142 2716 1158 2734 a
1178 2703 1229 2734 ‹²t1'·
1247 2703 1466 2746 longuvmvnt
1485 2701 1641 2745 question
1668 2700 1710 2733 dc
1730 2701 1841 2733 Raoul

442 2766 473 2797 le
491 2764 607 2805 Roux,
624 2762 684 2808 qui
707 2764 795 2807 perit
813 2775 854 2795 cn
878 2764 887 2794 1
902 2764 962 2795 1020
980 2775 1022 2796 au
1040 2762 1203 2806 naufrago
1227 2760 1270 2794 de
1292 2761 1323 2793 la
1342 2760 1580 2803 alant-liedes.
