2081 3408
494 266 509 300 1
522 266 568 301 58
1058 266 1319 302 ΑΡΡΕΝΒῘΧτ

494 356 597 405 prius
612 353 828 391 Abrincensi
847 353 1005 404 ecclesie
1020 368 1074 390 vn
1095 357 1201 393 annis
1219 364 1253 393 et
1273 354 1364 392 ιιιῑ)υς
1383 354 1573 393 mensibus
1591 354 1743 405 prefuit.
1765 354 1886 402 [Qui]‚

494 426 624 466 rogatu
648 416 849 453 Alexandri
872 430 983 467 pape,
1009 417 1238 454 concedente
1260 419 1436 455 XVillemo
1459 418 1628 468 principe
1653 420 1889 454 Normanno-

493 491 575 514 rum
598 487 632 514 et
659 491 746 527 rege
773 477 980 528 Angloruiu
995 510 1003 526 ‚
1027 478 1184 528 adeptus
1205 487 1260 516 est
1278 480 1496 517 cathedram
1522 479 1807 530 Rotomagensis
1828 491 1890 528 ec-

491 540 617 589 clesiq.

548 602 663 636 1073.
696 600 900 651 Gregorius
919 613 1015 650 papa
1037 600 1143 650 prius
1167 600 1462 639 Hildebrannus.

547 665 625 698 Hoc
645 675 744 699 anno
765 663 984 698 invaserunt
1004 662 1178 698 monachi
1200 663 1318 699 sancti
1340 663 1513 700 Audoeni
1534 663 1746 700 Johannem
1770 665 1888 700 Roto-

492 737 706 775 magensem
727 724 1051 774 archiepiscopum
1060 754 1729 764 ....................

546 790 661 825 1074,
698 790 777 824 Hoc
810 800 909 824 anno
942 796 1212 838 congregatum
1245 796 1300 825 est
1325 788 1526 825 concilium
1557 788 1594 824 in
1622 786 1889 838 Rotomagensi

491 849 600 893 urbe,
623 849 836 900 presidente
852 849 1029 886 Willemo
1046 849 1255 900 Auglorum
1273 863 1359 900 rege
1380 851 1683 886 Normannoruiu
1704 849 1887 899 principe,

492 919 528 948 et
546 911 717 948 Johanne
744 911 1026 962 archiepiscopo
1055 924 1141 948 cum
1169 912 1245 947 suis
1274 912 1522 962 suffraganeis
1545 912 1677 948 Odone
1698 909 1890 947 Baiocensi

492 973 690 1024 episcopo,
719 977 878 1025 Hugone
905 973 1157 1021 Luxoviensi‚
1196 973 1378 1011 Michaele
1405 973 1649 1021 Abrincensi,
1680 971 1891 1010 Gisleberto

491 1035 717 1072 Ebroacensi
733 1067 741 1083 ‚
764 1035 956 1072 Rodberto
973 1035 1154 1086 Sagiensi.

548 1101 662 1135 1073.
698 1102 775 1135 Hoc
809 1111 908 1135 anno
945 1098 1081 1148 optulit
1106 1098 1302 1135 willemus
1333 1111 1399 1135 rex
1432 1098 1643 1149 Anglorum
1667 1096 1727 1133 die
1763 1104 1891 1133 sancto

493 1161 635 1211 Pasche
660 1161 697 1197 in
717 1160 872 1197 ecclesia
896 1160 1135 1197 Fiscannensi
1164 1160 1277 1196 filiam
1308 1173 1412 1197 suam
1439 1174 1508 1210 per
1536 1173 1687 1197 manuni
1709 1159 1891 1196 Johannis

494 1223 768 1273 archiepiscopi
805 1226 886 1259 Deo
927 1222 1234 1260 consecrandam.
1275 1223 1373 1259 Inibi
1412 1223 1523 1259 etiam
1560 1222 1719 1259 instituit
1767 1221 1888 1271 legem

495 1294 684 1332 sanctam,
724 1285 863 1322 scilicet
905 1298 952 1322 ne
994 1285 1128 1334 aliquis
1170 1285 1284 1321 hoino
1333 1285 1497 1334 aliquem
1540 1284 1733 1321 hominem
1777 1283 1892 1320 assal-

493 1347 577 1385 liret
599 1361 666 1398 pro
694 1356 812 1385 morte
831 1347 988 1395 alicujus
1027 1349 1082 1385 sui
1110 1348 1273 1398 parentis
1298 1347 1369 1384 nisi
1388 1356 1532 1397 patrem
1551 1355 1615 1384 aut
1638 1346 1755 1383 filium
1774 1346 1891 1383 inter-

495 1412 651 1449 fectores
672 1416 737 1460 (1).

547 1477 662 1512 1077.
692 1478 772 1511 Hoc
794 1487 894 1512 anno
912 1475 1097 1512 dedicatio
1117 1475 1233 1512 sancti
1253 1474 1430 1525 Stephani
1451 1473 1609 1524 ecclesio
1628 1472 1797 1510 Cadomi.

549 1539 661 1576 4075).
692 1536 791 1573 Obiit
819 1538 1010 1574 Johannes
1038 1537 1323 1587 Rotomagensis
1355 1535 1676 1586 archiepiscopus.
1704 1535 1800 1571 Huic
1822 1538 1889 1572 Jo-

495 1599 608 1636 hanni
630 1600 804 1636 successit
822 1600 1018 1637 Willemus
1034 1599 1323 1650 Rotomagensis
1342 1599 1669 1649 archiepiscopus,
1690 1598 1754 1647 qui
1771 1598 1891 1634 fuerat

495 1662 699 1698 monachus
717 1670 752 1698 et
772 1661 885 1698 abbas
905 1662 1019 1698 sancti
1040 1661 1219 1711 Stephani
1237 1661 1492 1698 Cadomensis.

549 1727 663 1761 1081.
693 1726 834 1760 Ventus
856 1723 1060 1760 vehemens
1080 1724 1145 1759 suit
1167 1732 1275 1760 nocte
1293 1723 1426 1759 natalis
1446 1722 1610 1759 Domini.

548 1788 662 1822 1084.
695 1789 775 1822 Hoc
806 1799 905 1823 anno
932 1786 1023 1823 obiit
1049 1786 1238 1823 Mathildis
1269 1786 1477 1836 Anglorum
1499 1785 1637 1821 nobilis
1670 1783 1822 1835 regina,
1843 1783 1890 1820 de

494 1849 599 1896 cujus
617 1848 810 1886 nobilitate
831 1848 1002 1899 largiflua
1025 1848 1139 1885 multa
1163 1849 1263 1898 apud
1286 1862 1353 1884 nos
1376 1847 1563 1884 habentur
1587 1847 1780 1883 beneficia.

543 1913 661 1946 Roma
679 1910 725 1946 ab
742 1909 918 1946 Heinrico
936 1910 1163 1960 imperatore
1181 1923 1277 1960 papa
1298 1909 1504 1959 Gregorius
1521 1912 1587 1945 vll
1600 1909 1801 1958 expellitur
1806 1937 1884 1946 .....

494 1971 790 2008 Ravennatensis
816 1970 1054 2022 subrogatur.
1078 1972 1135 2009 Fit
1161 1971 1340 2009 dissentio
1361 1984 1498 2021 magna
1516 1984 1583 2021 pei·
1608 1983 1757 2007 omnem
1778 1970 1888 2007 Occi-

493 2034 659 2073 dentem.

545 2100 660 2135 1087.
693 2100 774 2134 Hoc
795 2110 893 2134 anno
908 2096 1001 2134 obiit
1016 2097 1212 2134 Willemus
1229 2110 1296 2135 rex
1315 2097 1524 2149 Anglorum
1545 2106 1581 2134 et
1602 2097 1681 2134 dux
1705 2100 1890 2133 Norman-

494 2172 627 2196 norum
645 2188 653 2205 ‚
677 2160 782 2207 cujus
801 2172 906 2195 amor
924 2167 959 2196 et
980 2157 1152 2210 [jus]titia
1173 2167 1316 2195 tantum
1336 2159 1457 2210 viguit
1477 2160 1515 2196 in
1537 2168 1662 2196 sancta
1680 2158 1836 2196 ecclesia
1860 2187 1884 2194 ..

499 2250 925 2259 .............
945 2221 1030 2258 fecit
1048 2230 1083 2258 et
1102 2224 1182 2258 Deo
1202 2221 1342 2259 servire
1359 2222 1537 2259 continua
1556 2235 1646 2272 pace
1666 2230 1778 2271 atque
1795 2232 1888 2257 con-

496 2284 636 2320 cordia.

547 2349 574 2382 E
607 2347 745 2382 Mirrea
779 2345 817 2382 in
855 2348 1013 2383 Barrum
1049 2358 1185 2396 corpus
1224 2345 1322 2383 beati
1362 2344 1533 2382 Nicholai
1570 2344 1791 2382 translatum
1835 2352 1890 2381 est

498 2420 535 2442 1x
556 2406 614 2443 dic·
639 2407 739 2445 maii.

550 2470 664 2505 4082).
697 2469 927 2505 Lanfrancus
941 2468 1220 2507 Cantuariensis
1238 2469 1543 2520 archiepiscopus
1559 2468 1668 2516 obiit,
1684 2467 1794 2518 eique
1805 2476 1888 2518 post

498 2544 539 2568 ιιι
562 2543 678 2568 annos
701 2532 897 2568 Anselmus
923 2532 1164 2569 Beccensiuui
1188 2531 1303 2569 abbas
1326 2532 1516 2569 successit.

545 2708 589 2753 (1)
616 2709 683 2746 Sic.
704 2731 746 2735 --
763 2711 821 2741 Cot
839 2710 952 2743 articlv
969 2719 999 2742 et
1019 2711 1063 2743 les
1082 2710 1164 2743 trois
1183 2710 1383 2754 precedents
1402 2719 1587 2754 umnquent
1606 2709 1690 2743 dans
1707 2710 1744 2742 B.
