2081 3408
438 279 513 315 118
821 274 1050 311 HISTORIA
1079 272 1457 311 ECCLESIASTICA.
1701 271 1732 318 [l
1747 268 1835 319 139]

438 364 575 420 chus,
609 362 667 408 ad
696 360 1051 424 gubernandam
1079 364 1357 406 Beccensem
1394 359 1637 406 ecclesiam
1671 357 1838 403 subro-

440 451 570 505 gatus
589 449 653 485 est
675 440 713 497 (4
730 440 762 499 ).

504 519 707 563 XXXIX.
738 518 874 559 Anno
900 513 959 558 ab
980 514 1300 558 incarnatione
1315 514 1507 559 Domini
1525 530 1744 572 mcxxiux,
1771 512 1844 557 in-

441 593 647 640 dictione
674 607 724 647 11,
754 588 1056 635 Innocentius
1079 604 1202 651 papa
1233 591 1271 632 ll
1298 591 1454 634 Romae
1477 591 1524 635 in
1550 589 1705 635 medio
1730 604 1845 651 qua-

441 668 711 729 dragesimae
736 667 900 729 ingens
925 665 1178 711 concilium
1199 666 1348 710 tenuit
1374 666 1462 727 (2),
1489 675 1534 711 et
1558 664 1846 710 multitudini

441 747 742 811 praelatorum
778 754 948 790 statuta
982 752 1252 788 sanctorum
1286 752 1471 805 patrum
1521 742 1848 787 inviolabiliter

443 824 592 870 teneri
625 822 864 886 praecepit.
894 824 962 866 De
987 819 1144 864 multis
1172 819 1443 881 regionibus
1465 820 1601 864 exciti
1626 819 1684 864 ad
1709 835 1848 880 syno-

445 902 559 948 dum
591 908 940 955 convenerant‚
970 907 1017 943 et
1041 897 1129 942 hac
1155 896 1213 942 de
1238 912 1377 944 causa
1405 896 1605 942 brumali
1640 906 1851 958 tempore

442 978 763 1043 periculosum
798 977 885 1022 iter
910 975 1131 1032 inierant,
1155 974 1314 1036 sicque
1342 990 1453 1019 cum
1477 973 1633 1018 multis
1663 989 1852 1018 suarum

446 1054 680 1118 dispendii
705 1069 864 1099 rerum
886 1053 1096 1095 Romana
1124 1050 1298 1095 moenia
1331 1049 1562 1095 viderant.
1601 1048 1742 1094 Multa
1766 1047 1855 1094 illis

445 1149 568 1197 papa
592 1132 651 1178 de
677 1131 841 1194 priscis
865 1128 1112 1174 codicibus
1131 1128 1412 1191 propalavit⁷
1435 1129 1760 1190 insignemque
1783 1143 1855 1172 sa-

449 1225 639 1255 crorum
657 1208 957 1253 decretorum
975 1214 1151 1250 textum
1175 1205 1423 1266 congessit.
1447 1205 1536 1250 Sed
1557 1204 1693 1249 nimis
1708 1204 1857 1250 abun-

451 1286 568 1332 dans
580 1302 662 1348 per
677 1285 947 1329 universum
962 1282 1126 1327 orbem
1141 1282 1347 1344 nequitia
1363 1283 1699 1342 terrigenarum
1714 1280 1859 1327 corda

452 1372 618 1408 contra
638 1359 945 1407 ecclesiastica
959 1359 1072 1403 scita
1093 1357 1361 1404 obduravit.
1385 1358 1521 1403 Unde
1542 1357 1860 1403 remeantibus

453 1439 513 1485 ad
539 1455 622 1483 sua
647 1436 901 1498 magistris,
928 1434 1186 1498 apostolica
1210 1434 1398 1480 decreta
1418 1435 1590 1497 passim
1616 1451 1699 1496 per
1719 1450 1860 1496 regna

456 1515 692 1577 divulgata
715 1522 824 1558 sunt
842 1531 853 1569 3
874 1511 957 1557 sed
982 1510 1115 1565 nihil,
1138 1520 1188 1556 ut
1204 1511 1447 1556 manifeste
1465 1520 1607 1574 patet,
1628 1509 1862 1574 oppressis

457 1603 502 1639 et
525 1608 665 1655 opem
679 1588 1055 1636 desiderantibus
1080 1588 1375 1651 profuerunt,
1403 1588 1628 1650 quoniam
1654 1603 1678 1632 a
1696 1587 1865 1650 princi-

458 1668 596 1733 pibus
621 1677 666 1712 et
683 1664 988 1730 optimatibus
1012 1680 1265 1725 regnorum
1283 1681 1391 1710 cum
1414 1664 1632 1727 subjectis
1651 1662 1865 1727 plebibus

460 1746 740 1811 parvipensa
763 1753 888 1789 sunt.

526 1823 758 1879 Audinus,
774 1819 1072 1866 Ebroicensis
1095 1820 1360 1882 episcopus,
1379 1818 1588 1865 Paschali
1605 1819 1867 1882 septimana

462 1901 509 1946 in
524 1900 735 1962 Angliam
753 1897 991 1962 profectus
1014 1906 1079 1942 est
1099 1896 1186 1958 (Β),
1202 1896 1361 1959 ibique
1384 1912 1430 1941 vi
1445 1912 1595 1942 nonas
1610 1896 1713 1958 julii
1737 1895 1867 1941 Meli-

462 1989 585 2024 tonae
614 1978 660 2023 in
692 1976 953 2022 canonicali
979 1975 1197 2021 coenobio
1222 1976 1290 2038 (ln)
1314 1975 1562 2021 defunctus
1593 1986 1638 2021 et
1661 1975 1869 2039 sepultus

463 2066 548 2101 est.
576 2056 660 2100 llic
683 2055 729 2100 in
758 2054 995 2099 ssaiocensi
1025 2070 1144 2115 pago
1169 2062 1317 2109 ortus,
1343 2052 1495 2098 studia
1520 2052 1778 2098 litterarum
1799 2052 1870 2096 in-

464 2132 677 2196 quisivit,
706 2131 968 2194 peritiaque
1004 2129 1269 2176 liberalium
1307 2118 1476 2175 artium
1502 2129 1708 2175 imbutus
1752 2130 1872 2174 inter

466 2210 767 2256 doctissimos
789 2208 981 2265 coaluit,
1005 2216 1050 2253 et
1072 2208 1169 2268 regi
1192 2208 1394 2253 Henrico
1422 2207 1659 2253 familiaris
1682 2205 1871 2252 effeetus

515 2405 560 2449 (l)
586 2405 674 2437 C'est
692 2417 733 2437 cn
759 2406 767 2436 1
784 2404 845 2437 138
862 2415 929 2448 que
946 2401 1110 2436 Thihaud
1129 2410 1247 2435 monta
1273 2414 1330 2434 sur
1346 2402 1377 2434 lc
1393 2401 1481 2447 siege
1501 2401 1544 2434 dc
1562 2401 1791 2447 Cantorbery.
1808 2402 1875 2435 Le-

468 2464 537 2498 tald
556 2465 585 2497 le
603 2465 774 2509 remplaqa
792 2475 928 2496 comme
945 2463 1033 2496 abb(¹
1052 2461 1099 2495 (lu
1119 2463 1185 2494 sscc
1202 2475 1243 2493 cn
1267 2462 1368 2493 1139.

516 2523 565 2567 (2)
583 2523 629 2554 (ἲν
654 2523 786 2555 concile
819 2523 869 2554 fut
894 2522 1026 2555 celebre
1043 2522 1072 2554 le
1094 2522 1115 2553 14
1139 2520 1225 2553 avril
1247 2520 1348 2554 1139.
1376 2519 1438 2551 Les
1461 2530 1590 2551 canons
1615 2521 1686 2550 s'cn
1713 2525 1875 2551 trouvent

469 2581 556 2614 (lans
575 2582 700 2623 Mansi,
719 2582 818 2622 XXI,
839 2583 921 2615 326.

517 2641 562 2685 (3)
593 2642 700 2677 l'enit,
721 2640 806 2672 (lans
826 2641 855 2672 lv
879 2652 941 2672 ms,
964 2639 1007 2672 (lc
1026 2641 1170 2685 D1¹1)1¹)‘·

518 2701 563 2744 (4)
579 2701 676 2733 Nous
694 2713 842 2745 pensons·
859 2712 923 2743 quc
943 2709 1040 2732 notre
1056 2708 1178 2732 auteur
1193 2711 1211 2730 a
1230 2698 1335 2730 voulu
1348 2696 1507 2741 designer
1523 2697 1553 2729 le
1570 2696 1708 2741 pricure
1725 2694 1767 2728 de
1782 2696 1875 2728 Mer-

471 2767 531 2792 ton
550 2758 636 2791 (lans
652 2760 682 2791 lc
699 2760 810 2791 coniti·
828 2757 869 2790 tlt·
890 2760 1031 2804 Surr03½
