2081 3408
199 299 336 348 [1134]
584 300 730 336 LIBER
758 301 960 337 TERTIUS
996 302 1226 342 DECIMUS.
1562 303 1606 337 21

197 387 295 434 haec
313 387 509 433 flumina
531 399 792 450 pugnatum
808 397 875 433 est
896 389 943 433 in
967 405 1129 435 mense
1149 390 1287 452 julio,
1309 390 1391 435 ubi
1410 391 1613 438 multum

197 465 439 526 sanguinis
476 464 677 510 effusum
716 475 800 510 est.
847 465 1149 512 Hildefonsus
1186 461 1291 526 rex,
1325 477 1377 512 ut
1418 468 1614 515 nimiam

197 541 548 586 multitudinem
585 541 884 588 ethnicorum
923 554 1089 590 contra
1123 562 1169 590 se
1202 545 1362 591 venire
1405 545 1611 605 audivit,

196 618 431 681 principes
453 618 691 664 christiani
711 621 936 666 exercitus
954 623 1258 678 convocavit,
1281 638 1333 667 ac
1354 621 1413 668 ad
1438 622 1614 670 bellum

194 696 443 757 magnifice
467 698 738 742 concitavit.
783 701 1066 745 ssertrannus
1098 701 1225 745 enim
1255 700 1579 747 Laudunensis
1598 740 1608 759 ‚

196 789 356 818 comes
382 773 696 830 Quadrionae,
729 784 773 819 et
814 775 1070 821 Rodericus
1097 777 1316 833 Asturiae,
1346 777 1611 823 n’Aimarus

196 850 255 895 de
288 851 534 908 Narbona,
576 861 619 896 et
654 851 895 897 Centulsus
934 854 1189 898 Guastonis
1227 853 1348 898 filius
1370 853 1428 899 de
1456 855 1610 912 Biara,

197 927 364 972 Garsio
405 928 641 986 Adramis,
679 929 849 991 aliique
887 928 1045 991 plures
1084 930 1295 975 bellicosi
1320 947 1538 993 proceres
1564 932 1610 975 in

196 1017 367 1064 campo
398 1002 578 1048 dolenti
615 1012 912 1067 certaverunt
938 1006 1026 1064 rffll
1062 1004 1365 1049 Hildefonsus
1404 1021 1512 1062 rex,
1565 1015 1614 1050 ut

195 1080 399 1142 primam
423 1080 597 1135 aciem,
622 1096 724 1142 quae
744 1079 949 1125 camelos
980 1080 1260 1126 victualibus
1295 1091 1492 1126 onustos
1526 1081 1614 1126 du-

196 1155 355 1214 cebat,
380 1157 639 1220 perspexit,
663 1159 920 1202 Bertranno
946 1158 1133 1216 comiti,
1157 1168 1207 1203 ut
1231 1175 1340 1203 cum
1367 1158 1432 1204 eis
1456 1159 1611 1222 primo

196 1233 442 1278 dimicaret
468 1233 706 1296 praecepit.
747 1234 832 1279 Cui
869 1237 1154 1280 Bertrannus
1178 1235 1294 1280 dixit
1319 1253 1328 1280 ε
1363 1255 1383 1278 ι(
1411 1236 1616 1281 Domine

195 1326 302 1364 reX‚
334 1310 517 1374 primos
553 1311 749 1356 transire
786 1310 1107 1368 dimittamus,
1133 1321 1183 1357 ut
1223 1312 1309 1357 illis
1345 1312 1404 1358 ad
1446 1311 1615 1357 urbem

195 1387 587 1452 appropiantibus
624 1404 711 1433 nos
746 1389 925 1451 optime
950 1389 1100 1452 parati
1127 1389 1295 1447 simus,
1326 1398 1370 1434 et
1407 1390 1528 1445 illos,
1577 1390 1611 1434 si

195 1467 353 1511 onusti
375 1466 544 1529 praedis
562 1467 891 1525 remeaverint,
913 1466 1068 1521 ferire,
1093 1476 1137 1512 et
1160 1476 1295 1512 caute
1318 1476 1483 1512 contra
1506 1467 1614 1512 insi-

196 1541 295 1588 dias
338 1543 641 1588 inimicorum
683 1543 870 1604 agmina
910 1553 1071 1588 nostra
1108 1553 1275 1589 tutare.
1318 1547 1501 1589 Interea
1537 1560 1610 1589 se-

196 1630 393 1682 quentes
432 1620 585 1666 socios
621 1637 788 1665 eorum
825 1631 1153 1684 expectemus,
1180 1631 1224 1667 et
1253 1622 1463 1685 prompti
1486 1621 1611 1667 bello

195 1697 498 1761 excipiamus.
524 1717 544 1738 ))
563 1700 692 1742 Tunc
714 1698 856 1743 iratus
874 1715 952 1743 rex
967 1715 1075 1744 cum
1097 1698 1439 1744 exclamatione
1460 1698 1576 1743 dixit
1596 1716 1605 1743 ι

199 1794 221 1817 «
238 1774 327 1819 L‘hi
340 1785 406 1820 est
424 1775 783 1837 magnanimitas
798 1785 895 1831 tua,
917 1785 1105 1821 strenue
1121 1773 1317 1822 comes?
1338 1778 1439 1820 Huc
1460 1791 1610 1837 usque

196 1851 495 1897 timiditatem
520 1868 768 1915 nunquam
793 1852 839 1897 in
860 1862 903 1897 te
922 1852 1090 1916 reperi.
1114 1853 1234 1897 »His
1259 1851 1420 1911 dictis,
1444 1851 1610 1896 consul

195 1928 437 1973 animosus
471 1928 680 1985 erubuit,
710 1940 753 1974 et
791 1930 838 1974 in
883 1929 1096 1975 ethnicos
1131 1945 1240 1974 cum
1280 1930 1375 1974 suis
1412 1928 1611 1974 coetibus

197 2005 364 2049 acriter
391 2005 539 2049 irruit.
574 2005 643 2049 Illi
676 2006 892 2068 protinus
918 2015 1044 2067 terga
1067 2015 1331 2062 verterunt,
1358 2021 1412 2050 ac
1449 2004 1505 2050 ad
1543 2005 1611 2049 in-

198 2081 514 2126 numerabiles
538 2098 640 2144 quae
658 2081 976 2144 sequebantur
998 2092 1206 2127 catervas
1225 2082 1438 2144 refugere
1459 2081 1608 2127 moliti

197 2167 322 2202 sunt.
354 2161 484 2204 Tunc
521 2159 779 2204 innumerae
814 2159 1071 2222 phalanges
1110 2160 1156 2204 in
1193 2159 1476 2205 christianos
1510 2176 1610 2205 sur-

198 2372 290 2404 taille
305 2371 445 2417 designe
459 2373 562 2418 parle
576 2384 659 2406 nom
675 2372 717 2406 (le
736 2376 873 2419 Campus
889 2373 1079 2411 Famelictzs,
1097 2381 1128 2405 et
1146 2385 1212 2417 que
1229 2385 1318 2405 nous
1335 2384 1443 2405 avons
1463 2372 1612 2405 cherche'

199 2430 284 2464 dans
302 2445 369 2465 une
386 2433 622 2466 circonstance
638 2433 860 2467 accidentelle
880 2433 1038 2478 l’origine
1053 2432 1095 2465 de
1112 2441 1198 2465 cette
1214 2432 1462 2476 qualification.

246 2492 345 2524 Nous
367 2505 474 2525 avons
500 2493 602 2538 peine
620 2497 637 2526 a
656 2493 766 2526 croire
784 2505 850 2538 que
876 2493 906 2525 la
930 2493 1068 2525 bataille
1091 2492 1138 2525 ait
1161 2505 1204 2524 en
1230 2492 1298 2525 lieu
1324 2500 1420 2524 entre
1445 2492 1492 2524 les
1518 2490 1611 2524 deux

199 2550 371 2596 puissants
390 2564 491 2584 conrs
509 2551 608 2585 d'eau
627 2552 669 2585 de
691 2539 806 2586 simne
823 2560 853 2584 ct
872 2551 914 2585 de
930 2553 962 2585 la
986 2552 1107 2597 Segre,
1126 2560 1157 2585 et
1175 2564 1265 2584 nous
1287 2551 1423 2584 aimons
1447 2552 1562 2584 mieux
1582 2551 1614 2585 la

200 2611 319 2656 placer
336 2623 394 2643 sur
410 2612 441 2644 le
460 2611 548 2644 bord
568 2611 610 2645 (le
628 2613 701 2645 l'un
720 2626 764 2645 ou
784 2612 826 2645 de
844 2614 979 2646 l'antre.

251 2670 296 2713 (l)
330 2670 392 2703 Les
415 2680 544 2703 comtes
570 2671 612 2704 de
631 2672 775 2705 Carrion
795 2681 826 2704 et
843 2671 900 2703 dos
918 2670 1084 2705 Asturies.
1109 2690 1154 2696 -——
1171 2669 1302 2703 Aimeri
1329 2670 1378 2711 11,
1397 2669 1547 2702 vicomte
1571 2667 1614 2701 de

201 2729 410 2771 Narbonne,
437 2739 579 2763 mourut
604 2729 690 2764 dans
719 2739 804 2764 cette
827 2730 976 2764 bataille.
1007 2730 1152 2763 Centule
1178 2729 1224 2771 V,
1246 2729 1395 2762 vicomte
1415 2727 1458 2761 de
1480 2729 1610 2767 Bearn,

202 2787 254 2821 fils
273 2788 316 2822 de
334 2789 463 2822 Gaston
484 2791 546 2831 IV,
566 2804 587 2836 y
606 2790 721 2836 perdit
744 2791 835 2824 aussi
853 2791 886 2824 la
910 2791 976 2823 vie.
