2081 3408
757 256 1004 292 APPENDIX
1011 283 1020 290 .
1509 257 1524 291 ’1
1538 257 1585 293 83

190 343 407 393 petitionem
435 343 514 390 ejus
542 342 778 393 adimplevit.
813 342 927 379 Dedit
964 351 1089 379 autem
1126 342 1206 392 ipse
1243 341 1426 379 Ricardus
1458 351 1588 381 sancto

190 405 346 441 Ebrnlso
377 405 575 455 ecclesiam
613 413 725 441 totam
755 405 801 441 de
829 404 1005 441 Tolcheta
1029 416 1104 454 que
1135 412 1189 441 est
1220 403 1257 440 in
1288 404 1433 441 honore
1461 414 1588 456 sancte

190 467 339 513 Mariae,
374 467 468 503 sicut
495 480 577 504 eam
606 475 712 516 pater
743 480 831 503 suus
862 475 1031 502 tenuerat
1053 479 1217 515 unquam
1242 466 1387 503 melius.
1413 467 1485 505 Sed
1504 467 1588 516 qui-

185 528 271 565 dam
291 528 498 578 presbiter,
521 529 626 565 Serlo
646 529 813 575 nomine,
839 529 902 578 qni
923 528 1080 565 eandem
1104 528 1300 577 ecclesiam
1321 528 1525 577 serviebat,
1549 530 1588 566 in

183 590 298 627 feudo
328 590 491 628 habebat
518 591 757 628 medietatem
790 591 916 627 altaris
950 600 985 627 et
1012 591 1164 627 terciam
1198 599 1345 640 partem
1378 591 1524 641 decime
1553 600 1589 628 et

184 653 328 689 tertiam
350 661 497 702 partem
525 654 719 703 sepultum(¹
747 653 916 702 qtumdiu
938 653 1018 702 ipse
1039 653 1207 698 viveret,
1240 661 1276 688 et
1311 653 1386 689 <luo
1413 653 1477 689 filii
1508 654 1587 701 ejus

182 723 265 765 post
286 724 443 752 mortem
465 716 580 766 patris
603 716 735 753 eodem
766 725 874 766 pacto
908 724 1036 752 tenere
1058 714 1246 751 debebant
1270 715 1440 764 quandiu
1476 715 1587 753 vive-

183 785 279 814 rent.
304 780 389 813 Post
411 791 574 827 qnorum
602 777 767 822 obitum,
793 777 830 813 id
858 785 911 813 est
932 777 1046 826 patris
1068 785 1103 812 et
1123 776 1286 812 duorum
1308 776 1488 823 tiliorum,
1510 785 1587 814 tota

182 838 392 875 remanebit
410 839 567 887 ccclesia
591 839 759 889 predicta
780 840 817 876 in
838 838 1005 874 dominio
1027 838 1315 874 monachorum.
1338 840 1382 873 Et
1402 837 1472 874 hoc
1492 852 1585 875 con-

183 902 291 938 cessit
307 901 505 937 Richerius
527 902 642 938 frater
663 901 742 947 ejus
763 909 798 937 et
826 913 956 937 omnes
977 910 1153 949 parentes
1172 900 1326 935 illorum
1348 900 1412 948 qui
1433 913 1587 949 presen—

182 970 235 999 tes
255 976 336 999 esse
359 970 577 1011 potuerunt.
607 966 692 1011 Ipsa
726 975 816 998 vero
841 960 999 1011 ecclesia
1017 973 1092 996 non
1128 960 1191 996 dat
1214 973 1284 996 nec
1307 960 1483 996 sinodum
1516 974 1586 997 nec

181 1024 373 1067 circatam,
396 1025 484 1073 quia
505 1024 666 1060 domnus
698 1023 911 1059 willelmus
941 1022 1105 1058 decanus
1138 1030 1244 1070 pater
1271 1035 1403 1058 eorum
1431 1022 1477 1058 de
1506 1023 1588 1072 epi-

179 1100 292 1135 scopo
309 1086 469 1122 Luxovii
484 1086 592 1121 istam
604 1084 913 1121 consuetudinem
931 1084 968 1119 in
986 1082 1100 1119 feudo
1113 1095 1261 1131 semper
1281 1082 1450 1134 t[enuit],
1470 1096 1583 1132 quam

179 1148 350 1184 similiter
369 1147 434 1183 filii
458 1156 541 1196 post
569 1146 713 1183 obitum
744 1146 860 1195 patris
892 1145 1093 1190 tenebant,
1126 1144 1172 1180 de
1204 1157 1278 1192 qua
1310 1145 1584 1182 consuetudine

179 1209 290 1246 debet
305 1209 504 1246 Richerius
523 1209 605 1258 ipse
622 1209 800 1246 defensor
820 1209 994 1245 existere.
1018 1207 1129 1244 Dedit
1156 1206 1268 1243 etiam
1298 1207 1379 1256 ipse
1398 1207 1583 1245 Ricardus

177 1271 225 1307 ad
244 1270 395 1306 Resenti
418 1269 578 1306 sedecim
610 1270 773 1306 sextaria
800 1269 945 1319 decime
977 1278 1013 1305 et
1038 1268 1206 1317 quinque
1238 1268 1363 1318 virgas
1383 1271 1435 1315 (1)
1464 1277 1578 1319 terre.

178 1332 249 1369 Sed
267 1341 421 1382 propter
447 1332 729 1368 concessionem
749 1340 785 1368 et
805 1331 1064 1368 defensionem
1086 1330 1254 1380 predicte.
1276 1329 1438 1380 ecclesie
1458 1330 1582 1368 taliter

176 1395 374 1432 Richerius
394 1395 510 1431 frater
530 1393 697 1439 ejusdem
726 1394 877 1430 Ricardi
895 1402 997 1430 tenet
1016 1393 1085 1430 ista
1109 1392 1271 1429 sedecim
1294 1393 1459 1429 sextaria
1479 1393 1581 1430 deci-

179 1470 238 1508 me
258 1465 293 1493 et
313 1457 482 1506 quinque
502 1457 630 1506 virgas
655 1465 757 1506 terre
788 1456 834 1493 de
864 1455 999 1492 abbate
1017 1487 1025 1502 ,
1059 1464 1119 1501 ut,
1155 1455 1185 1491 si
1204 1454 1347 1504 absque
1367 1455 1510 1492 herede
1531 1456 1578 1493 de

176 1532 295 1556 uxore
318 1519 459 1562 obiret,
491 1519 530 1555 in
563 1518 731 1555 dominio
756 1518 872 1554 sancti
904 1517 1069 1562 Ebrulfi,
1101 1517 1195 1553 sicut
1217 1517 1361 1566 prefata
1392 1518 1576 1566 ecclesia,

175 1580 295 1617 solida
314 1588 349 1616 et
372 1579 499 1629 quieta
519 1588 747 1626 remaneret,
760 1587 795 1615 et
809 1579 968 1616 clericus
988 1578 1157 1625 ejusdem
1178 1579 1331 1614 Resenti
1350 1578 1441 1629 ville
1459 1579 1577 1616 eccle-

175 1642 227 1679 sie
256 1652 339 1678 octo
368 1642 552 1689 sextaria,
584 1642 624 1678 id
655 1651 709 1679 est
740 1641 977 1678 medietatem
999 1641 1045 1677 de
1067 1655 1130 1677 ΧΠ
1164 1641 1335 1677 sextariis
1353 1670 1362 1687 ,
1397 1649 1498 1678 tenet
1530 1641 1575 1678 de

173 1704 348 1741 Richerio
365 1714 400 1741 et
417 1704 583 1753 quinque
603 1704 728 1754 virgas
748 1703 963 1754 supradicte
984 1711 1096 1753 terre.
1114 1706 1170 1739 De
1190 1703 1261 1739 hoc
1278 1703 1477 1740 Richerius
1496 1704 1576 1753 ipse

173 1767 455 1804 concessionem
479 1766 565 1802 fecit
588 1766 627 1802 in
647 1766 812 1816 capitulo
829 1779 956 1802 coram
978 1765 1106 1801 multis
1136 1765 1291 1802 testibus
1325 1773 1361 1803 et
1387 1779 1500 1815 super
1520 1765 1575 1802 al-

174 1836 252 1865 tare
272 1829 407 1878 posuit.
432 1828 495 1864 Isti
517 1836 602 1864 sunt
625 1837 734 1865 testes
757 1828 818 1877 qui
841 1828 1032 1864 affuerunt
1053 1842 1060 1861 z
1085 1827 1312 1864 Guillelmus
1336 1827 1475 1864 scilicet
1491 1827 1577 1864 Cal-

173 1890 237 1926 vin
254 1889 300 1926 de
320 1891 481 1934 Merulo,
504 1890 762 1926 Guitmundus
781 1890 826 1926 de
845 1889 880 1925 la
899 1889 1149 1933 Genevereia,
1172 1892 1284 1938 Hugo
1305 1889 1402 1925 filius
1423 1889 1575 1925 Fulcal-

173 1951 233 1995 di,
256 1951 464 1988 Herbertus
487 1952 708 1997 Carlevent,
738 1951 951 1988 Rodbertus
972 1951 1068 1987 tilius
1088 1950 1249 1987 Huberti
1269 1950 1500 1987 conestabuli
1526 1951 1573 1988 de

172 2014 353 2058 Guacei0‚
370 2013 580 2063 Stephanus
604 2013 668 2062 qui
688 2022 767 2050 erat
786 2013 855 2049 sul)
876 2014 1028 2063 prefatis
1046 2012 1233 2049 Herberto
1253 2021 1365 2061 atque
1381 2012 1573 2049 Rodberto

172 2076 277 2112 istius
309 2075 400 2125 ville
431 2075 659 2125 prepositus,
688 2074 927 2111 Isembardus
958 2075 1154 2124 pincerna,
1185 2077 1304 2110 Razso
1345 2073 1508 2109 decanus
1538 2081 1574 2110 et

172 2138 288 2174 frater
307 2137 386 2183 ejus
411 2139 537 2187 Hugo‚
572 2136 754 2172 Radulfus
776 2137 873 2172 filius
902 2136 1081 2186 Ilugolini
1103 2135 1148 2172 de
1175 2135 1364 2179 Escalfou,
1389 2133 1573 2171 Radulsus

171 2200 269 2237 filius
288 2200 457 2250 Ernegisi
483 2199 527 2235 de
555 2199 746 2244 Tolcheta,
769 2199 982 2235 Rodbertus
1008 2198 1053 2234 de
1072 2197 1349 2243 Warleinxilla,
1370 2197 1572 2233 Restoldus

171 2262 302 2309 faber,
337 2262 542 2299 Gerbertus
575 2261 697 2306 saber,
722 2261 954 2311 Engenulfus
981 2260 1026 2296 de
1056 2261 1265 2303 Sommera,
1291 2259 1502 2296 willelmus
1526 2259 1573 2295 de

171 2324 386 2369 Vernutiis,
418 2324 640 2360 W‘arncrius
671 2323 729 2359 del
761 2323 843 2368 Val,
873 2322 1098 2358 Teodelinus
1129 2321 1316 2371 presbiter
1343 2321 1407 2358 des
1430 2321 1569 2366 Alters,

169 2385 381 2422 Alvemlus
400 2385 517 2422 frater
535 2385 699 2421 Turstini
722 2384 768 2421 de
798 2384 964 2434 Solengi,
991 2383 1206 2420 Rodbertus
1239 2384 1336 2420 filius
1367 2383 1570 2428 Harduini,

170 2447 380 2495 Raynerius
400 2447 576 2484 Frucina.
598 2449 643 2483 Et
663 2447 732 2483 hoc
752 2446 863 2482 etiarn
898 2445 1080 2482 concessit
1100 2445 1200 2482 idem
1231 2444 1415 2482 Ricardus
1444 2453 1481 2482 et
1503 2445 1572 2481 Ri-

217 2696 267 2740 (1)
293 2694 339 2728 Ce
356 2703 428 2728 mot
444 2703 491 2727 est
509 2707 550 2727 en
571 2702 682 2727 toutes
699 2694 810 2727 lettres
827 2705 885 2727 sur
900 2695 930 2727 le
948 2695 1034 2729 ΓόΙθ.
