2081 3408
497 404 545 427 xx
1110 391 1282 428 NOTICE

493 479 750 517 connaissions
770 478 854 528 plus
872 477 907 514 la
928 476 1078 527 plupart
1098 478 1144 514 de
1165 492 1225 516 ces
1245 491 1453 529 ouvrages,
1474 492 1568 515 nous
1589 492 1761 530 pouvons
1776 510 1784 526 ,
1808 478 1894 514 d'a-

495 542 580 591 pres
612 542 663 578 les
690 541 794 577 titres
819 547 855 576 et
880 538 1027 588 &apres
1049 539 1102 576 les
1131 540 1263 577 details
1291 541 1487 590 rapportes
1507 554 1576 591 par
1597 540 1753 578 Orderic
1773 539 1892 585 vital,

493 615 589 640 nous
612 603 705 639 faire
724 614 799 638 une
818 601 901 638 idee
927 599 973 636 de
1000 600 1178 637 l’activite
1199 601 1378 638 litteraire
1409 602 1474 652 qui
1503 603 1650 654 regnait
1674 603 1772 640 alors
1801 601 1894 638 dans

493 672 588 701 cette
609 676 766 700 maison.

549 726 671 762 Parmi
691 725 744 762 les
763 722 908 760 habiles
928 722 1108 759 latinistes
1129 722 1193 772 qui
1220 726 1275 772 s’y
1294 723 1499 761 formerent
1514 754 1524 771 ,
1550 739 1600 762 on
1626 725 1705 762 doit
1722 738 1895 762 nominer

493 786 682 825 Guimond
703 788 776 833 (1),
802 784 959 821 Renaud
981 785 1014 821 le
1033 784 1163 822 Grand
1188 787 1255 832 (2),
1284 786 1489 836 Berenger‚
1515 787 1571 823 fils
1592 788 1787 825 d'Arnaud
1801 817 1809 833 ,
1830 787 1894 837 qui

494 858 620 887 monta
648 861 713 885 sur
737 847 769 884 le
798 847 899 898 siege
921 846 1109 897 episcopal
1145 846 1191 884 de
1210 847 1356 884 Venose
1376 850 1452 895 (3),
1475 848 1643 885 Geosfroi
1674 849 1892 894 d'Orffians,

541 1008 707 1044 Bernardi
725 1009 814 1041 liber
830 1021 934 1054 super
951 1008 1092 1041 Cantica
1110 1008 1339 1041 canticorum.

538 1064 706 1099 Bernardi
723 1065 808 1097 liber
826 1063 868 1097 de
885 1063 1169 1097 consideracione
1186 1063 1229 1097 ad
1247 1065 1440 1110 Eugenium
1459 1078 1598 1111 papam.

539 1120 705 1155 Bernardi
722 1121 807 1153 liber
824 1119 866 1152 de
883 1119 1069 1153 duodecim
1087 1119 1249 1164 gradibus
1267 1121 1482 1156 humilitatis.

534 1175 700 1210 Bernardi
715 1177 800 1208 liber
816 1176 1001 1221 (apologia)
1022 1175 1066 1209 ad
1087 1188 1251 1210 monacos
1266 1177 1520 1211 Cluniacenses.

536 1231 703 1266 Bernardi
721 1231 808 1264 liber
823 1230 867 1264 ad
887 1243 1050 1264 monacos
1067 1232 1330 1269 Coluinbenses,

536 1287 693 1332 Hugonis
709 1287 796 1319 liber
812 1286 855 1319 de
870 1287 1102 1320 sacramentis.

537 1343 693 1388 Hugonis
710 1343 798 1376 liber
814 1341 1068 1377 Didascalicon.

535 1401 691 1446 Hugonis
708 1401 794 1434 liber
814 1400 856 1433 de
873 1413 948 1433 arra
966 1400 1093 1436 anime.

533 1457 691 1502 Hugonis
709 1458 793 1490 liber
810 1457 852 1490 de
870 1458 1018 1490 claustro
1037 1456 1203 1490 materiali
1225 1465 1255 1490 et
1283 1456 1325 1489 de
1343 1455 1527 1489 duodecim
1544 1454 1772 1488 abusionibus
1793 1455 1890 1488 clau-

487 1513 547 1546 stri
565 1522 596 1546 et
613 1513 655 1546 de
673 1514 821 1546 claustro
840 1514 968 1547 anime.

533 1569 691 1614 Hugonis
708 1569 883 1614 exposicio
902 1581 1006 1613 super
1022 1567 1289 1600 lamentaciones
1306 1567 1467 1600 Jeremie.

533 1628 581 1660 De
598 1628 734 1672 scriptis
754 1627 844 1660 beati
862 1627 1036 1672 Gregori1‚
1055 1626 1197 1659 Ysidori
1217 1634 1247 1658 et
1264 1624 1354 1658 Bede
1372 1634 1403 1658 et
1420 1625 1579 1670 Origenis
1599 1637 1604 1658 :

528 1683 717 1729 Gregorius
734 1695 836 1728 super
856 1683 982 1715 librum
1001 1683 1082 1724 Job,
1102 1683 1137 1715 in
1155 1681 1292 1715 duobus
1310 1681 1546 1715 voluminibus
1559 1710 1566 1724 ⁷
1586 1692 1652 1725 que
1671 1679 1890 1725 appellantur

483 1739 643 1774 Mox-alia.

506 1797 510 1799 ’
528 1795 715 1840 Gregorius
731 1807 835 1840 super
852 1793 1000 1840 primam
1022 1802 1053 1827 et
1071 1793 1227 1827 ultimam
1250 1802 1382 1839 partem
1401 1793 1587 1826 Ezechielis
1602 1821 1610 1834 ‚
1630 1793 1664 1826 in
1693 1805 1764 1825 uno
1789 1792 1887 1825 volu-

483 1850 586 1883 mine

527 1907 688 1952 Gregorii
703 1907 790 1939 liber
806 1906 864 1951 qui
883 1915 1025 1939 vocatur
1040 1905 1207 1952 Register.

528 1962 686 2007 Gregorii
704 1963 790 1995 liber
810 1962 989 2007 pastoralis
1008 1974 1103 1995 cure.

528 2018 689 2063 Gregorii
706 2017 876 2063 dialogus.

525 2073 687 2117 Gregorii
705 2074 828 2106 omelie
847 2080 913 2106 xL¹a
930 2085 1032 2118 super
1051 2073 1242 2118 evangelia.

526 2129 695 2162 Ysidorus
715 2142 817 2174 super
830 2129 1005 2162 Genesim.
1020 2149 1064 2154 -
1076 2128 1245 2161 Ysidorus
1261 2127 1303 2161 de
1317 2129 1572 2163 summobono.
1589 2147 1635 2153 —
1646 2126 1785 2160 Ysidori
1800 2127 1887 2159 liber

479 2186 537 2229 qui
555 2194 699 2218 vocatur
723 2185 916 2218 Sinonima.
936 2205 980 2210 —-
999 2183 1169 2217 Ysidorus
1188 2184 1507 2229 ethimologiarum.
1536 2185 1576 2217 In
1600 2196 1671 2217 uno
1695 2183 1883 2218 volumine.

527 2241 617 2274 Beda
638 2253 741 2285 super
758 2241 935 2273 Genesim.

526 2297 612 2329 Bede
628 2298 707 2328 liher-
723 2297 761 2329 de
780 2297 1000 2329 tabernaculo.

529 2350 610 2383 [fede
626 2350 707 2382 liber
722 2351 760 2382 a'e
778 2351 968 2396 lemgum-ihus
987 2360 1017 2383 el
1034 2351 1072 2383 de
1089 2359 1234 2397 computo
1255 2351 1340 2386 lune.

530 2407 612 2438 Bede
628 2406 708 2438 lzlwr
726 2407 764 2438 (le
784 2408 899 2451 regulis
917 2409 997 2440 arll's
1012 2410 1231 2452 grammatice.

531 2464 682 2505 Origenes
698 2475 789 2507 saper
810 2471 893 2494 velus
919 2467 1160 2497 Testamentum.

533 2519 685 2562 Oribencs
702 2531 796 2562 super
815 2519 994 2553 Leviticum

645 2610 745 2636 Cetera
764 2620 821 2646 qne
838 2610 942 2637 desunt
959 2610 1027 2647 quia
1045 2615 1151 2637 cuncta
1168 2609 1259 2646 dapes
1275 2608 1372 2636 anime
1388 2615 1454 2636 sunt

644 2659 766 2687 scribite
782 2659 938 2698 scriptores
956 2667 987 2688 ut
1001 2660 1113 2688 discant
1130 2659 1318 2698 posteriores.

519 2751 727 2798 (1)11,95.

522 2807 725 2852 (2)11‚sa

523 2861 816 2908 (3)11,85,90.
