2081 3408
750 249 1011 287 APPENDIX.
1496 251 1570 286 143

241 340 330 376 9268.
361 337 550 374 Dionisius
573 349 682 387 papa.

239 400 327 434 270.
362 397 559 434 Valeriano
581 396 755 434 successit
775 396 964 435 Claudius.

237 458 341 494 Felix
360 471 468 508 papa.

237 519 374 555 Paulus
394 519 684 556 Samosathenus
704 519 864 557 heresim
887 518 1065 556 condidit.

237 582 326 617 ⁵273.
350 580 505 617 Claudio
525 581 699 618 successit
718 581 957 618 Aurelianus.
980 581 1049 617 Hic
1068 593 1151 617 cum
1171 579 1379 618 christianis
1398 594 1570 632 perseeu-

184 640 325 678 tionem
337 642 526 688 movisset,
545 642 685 679 fulmen
702 651 787 680 ante
806 656 907 690 eum,
930 655 1065 693 magno
1079 642 1397 680 circumstantium
1414 656 1568 694 pavore,

184 712 272 740 ruit.

237 765 327 801 ⁶275.
358 764 573 801 persecutio
593 767 727 802 VIIII‘.

235 827 324 862 278.
357 826 541 862 Defuncto
562 827 784 872 Aureliano,
808 825 1013 876 imperator
1030 824 1191 864 Tacitus,

236 889 325 923 279.
357 889 481 924 Tacito
502 888 676 925 successit
700 887 857 924 Probus.

236 949 515 985 Maniclieorum
535 949 676 986 heresis
696 957 826 986 exorta
850 956 917 985 est.

236 1012 324 1046 281.
357 1011 471 1047 Gaius
491 1024 600 1060 papa.

235 1072 325 1108 283.
357 1071 541 1107 Defuncto
564 1069 708 1117 Probo,
730 1071 934 1120 imperator
952 1072 1079 1108 Carus.

236 1134 323 1169 c285.
357 1135 504 1168 Mortuo
525 1134 633 1176 Caro,
655 1139 912 1168 successerunt
931 1130 1187 1168 Diocletianus
1207 1140 1243 1168 et
1260 1132 1524 1173 Maximianus,

235 1194 323 1230 286.
356 1193 509 1229 Decima
530 1193 754 1242 persecutio.

235 1256 323 1291 293.
355 1254 594 1291 Marcellinus
614 1267 725 1304 papa.

236 1317 323 1351 301.
355 1315 553 1352 Marcellus
578 1327 689 1364 papa.

235 1379 323 1414 306.
355 1377 511 1414 Mortuis
536 1375 768 1414 Diocletiano
795 1384 831 1414 et
861 1376 1103 1425 Constancio,
1127 1376 1332 1428 imperator
1359 1378 1570 1415 Constanti-

182 1452 253 1477 nus
275 1439 462 1476 successit.

233 1500 418 1537 Eusebius
438 1512 548 1551 papa.

233 1564 388 1599 Sanctus
406 1561 591 1598 Mallonus
609 1560 893 1611 Rotomagensis
910 1559 1120 1611 episcopus.

235 1626 323 1663 308.
353 1624 580 1662 Melchiades
599 1637 709 1675 papa.

235 1688 322 1724 310.
354 1686 617 1725 Constantinus
645 1686 863 1735 imperator.

233 1750 361 1784 Annus
381 1747 428 1784 ab
446 1747 540 1784 urbe
561 1745 710 1784 condita
729 1760 836 1783 MLx1.

235 1811 322 1845 312.
356 1812 510 1847 Sanctus
533 1809 711 1847 Silvester
730 1822 827 1860 papa
851 1810 995 1845 XXIII.
1022 1808 1140 1855 Hujus
1167 1817 1336 1859 tempore
1359 1809 1568 1847 celebratur

181 1871 360 1908 Nicenum
383 1871 604 1918 concilium3
625 1871 843 1908 Arelatense
863 1883 1014 1920 quoque
1034 1870 1213 1920 primum,
1234 1872 1272 1908 in
1292 1884 1367 1921 quo
1387 1873 1455 1909 fuit
1472 1872 1566 1910 Avi-

182 1933 310 1970 cianus
328 1934 613 1984 Rotomagensis
635 1932 953 1982 archiepiscopus.

234 1997 320 2032 325.
353 1998 512 2032 Severus
531 1995 814 2045 Rotomagensis
834 1995 1151 2045 archiepiscopus.

233 2060 321 2095 332.
354 2061 508 2095 Sanctus
528 2056 708 2094 Martinus
731 2065 840 2094 natus
859 2065 926 2094 est.

234 2122 320 2157 335.
352 2123 498 2156 Marcus
519 2131 629 2169 papa.

232 2183 319 2220 336.
348 2181 590 2219 Constantino
610 2179 785 2217 suecessit
800 2180 1043 2218 Constancius
1057 2193 1142 2217 cum
1156 2180 1398 2218 Constantino
1413 2189 1449 2218 et
1466 2184 1566 2219 Con-

178 2252 296 2281 stante
316 2242 508 2280 fratribus.

231 2309 317 2345 337.
351 2308 443 2342 Ossa
462 2303 613 2354 Andree
629 2313 665 2340 et
684 2306 785 2353 Luce
804 2304 1125 2355 Constantinopoli
1148 2305 1434 2343 transferuntur.

232 2372 320 2406 338.
351 2367 471 2404 Julius
495 2379 605 2417 papa.

229 2429 452 2467 Maximinus
467 2432 716 2466 Treverorum
734 2428 930 2478 episcopus
944 2428 1067 2465 clarus
1081 2427 1252 2476 habetur,
1269 2442 1290 2466 a
1305 2441 1380 2479 quo
1396 2427 1563 2467 Athana-

177 2492 253 2530 sius
274 2490 551 2528 Alexandrinus
569 2490 680 2527 exilio
699 2489 829 2540 pulsus
848 2490 1058 2540 suscipitur.

231 2555 321 2592 340.
352 2552 516 2589 Hilarius
535 2551 762 2589 Pictavensis
781 2551 827 2588 ad
852 2551 1047 2589 eeclesiam
1066 2551 1189 2590 rediit.

232 2618 320 2654 341.
351 2614 540 2652 Transitus
561 2614 677 2652 sancti
695 2613 878 2651 Nicholai.

230 2676 411 2716 Eusebius
429 2675 712 2726 Rotomagensis
731 2675 1048 2727 archiepiscopus,
