2081 3408
569 289 663 325 SUR
694 288 905 324 ORDERIC
934 289 1041 324 VITA
1048 290 1092 325 L.
1415 304 1459 326 Lx
1466 304 1529 327 xxi

122 375 286 426 laquelle
307 389 355 413 on
388 375 442 413 dit
462 389 536 426 que
560 376 654 413 saint
676 370 816 412 Evroul
839 376 1004 413 cliantait
1031 390 1088 413 ses
1116 376 1254 414 lieures
1283 378 1433 415 suivant
1459 380 1534 416 l'u-

123 452 211 490 sage
229 437 295 475 des
317 438 497 475 Romains
525 447 559 475 et
581 438 647 476 des
668 439 856 476 Gallicans
884 452 935 475 ou
964 439 1010 475 de
1039 439 1135 476 saint
1164 439 1295 477 Benoit
1314 450 1350 477 et
1370 441 1416 478 (16
1437 442 1534 479 saint

122 500 352 546 Colomban,
386 500 422 537 16
443 509 599 550 rapport
625 500 737 537 etabli
757 509 862 537 entre
887 500 940 537 les
967 500 1116 537 dextres
1140 510 1176 538 ct
1202 501 1238 539 16
1260 502 1365 540 stade
1386 511 1436 549 et,
1459 505 1478 539 a
1498 503 1535 541 la

125 564 189 606 fin,
214 562 248 599 la
269 562 438 599 mention
460 561 507 598 de
529 575 615 599 sous
635 561 822 613 d'argent.

179 627 231 660 La
257 624 505 675 composition
538 624 584 662 ‹le
613 624 648 661 la
669 624 729 660 vie
756 624 963 661 conservee
983 624 1076 661 dans
1100 625 1134 663 16
1155 626 1359 664 manuscrit
1380 626 1538 665 d’Alen-

125 792 260 826 diviciis
288 793 445 826 felicibus
457 820 465 834 ‚
491 793 550 826 sed
587 802 619 827 et
648 793 810 839 dogmate
838 793 1032 826 christianae
1062 793 1144 826 fidei
1177 795 1403 832 felicioribus.
1434 799 1542 843 Cujus

126 848 209 882 fidei
225 849 451 883 instruendus
467 849 666 883 eruditione
683 863 700 883 a
718 850 783 895 piis
802 849 1018 894 genitoribus
1035 849 1179 884 eruditis
1196 851 1342 885 traditus
1360 854 1540 899 magistris,

128 906 280 950 plurima
302 906 391 939 inter
418 919 497 939 suos
519 906 641 939 enituit
663 906 802 939 scientia
825 904 951 938 divinae
975 906 1069 950 legis.
1091 906 1206 947 Quam
1228 909 1339 942 tenaci
1367 912 1543 943 memoriae

129 963 393 1005 commendans,
419 976 498 996 cuni
530 963 667 996 floreret
699 963 788 995 inter
818 962 935 995 3111605
955 962 964 1008 ζ
981 963 1055 994 lise:
1075 976 1085 994 .·
1113 964 1263 1009 aulicos)
1288 974 1448 1011 tyrones,
1474 976 1543 1000 13111

130 1019 337 1053 claritudine
360 1020 418 1053 alti
440 1020 633 1064 sanguinis,
652 1030 754 1063 quam
778 1017 905 1050 florida
928 1017 1093 1063 dignitate
1117 1020 1239 1060 5661111,
1260 1029 1362 1065 atque
1386 1023 1438 1055 his
1458 1023 1544 1056 insi-

130 1076 256 1120 gnibus
280 1075 386 1108 titulis
409 1074 543 1108 mundo
570 1074 788 1114 claresceret,
816 1081 951 1106 tantum
978 1083 1123 1119 propter
1144 1074 1373 1108 honestorum
1400 1078 1545 1123 gratiam

135 1144 273 1165 morum
298 1139 331 1165 et
362 1130 566 1164 imitandam
589 1129 794 1163 humilitatis
819 1129 981 1163 virtutem
996 1156 1004 1171 ,
1026 1142 1191 1176 magnum
1215 1131 1250 1164 in
1272 1133 1400 1177 palatio
1428 1134 1545 1166 10611111

133 1187 294 1222 habebat.
313 1201 331 1217 ³)

574 1260 583 1275 9

183 1314 201 1331 <t
226 1299 343 1341 Quam
368 1298 542 1346 (uxorem)
570 1297 713 1344 quidem
738 1297 893 1343 primum
917 1296 980 1330 sub
1010 1308 1108 1330 sacro
1131 1297 1302 1331 velamine
1325 1299 1399 1333 Deo
1426 1299 1551 1335 devote

134 1357 337 1390 servituram
370 1355 538 1399 tradidit,
571 1368 610 1389 ac
638 1354 782 1388 demum
822 1354 893 1400 ipse
909 1380 918 1396 ,
950 1354 1061 1400 patria
1089 1356 1361 1402 parentibusque
1400 1359 1526 1393 relictis
1541 1386 1549 1401 ,

134 1413 242 1446 barba
261 1421 292 1445 et
313 1425 412 1445 coma
439 1412 559 1458 63111115
582 1411 760 1457 deposita,
780 1419 900 1444 sancto
922 1409 1064 1443 indutus
1081 1411 1200 1443 habitu
1218 1438 1226 1453 ,
1244 1425 1323 1445 cum
1344 1414 1453 1448 tribus
1474 1416 1552 1448 fra—

135 1470 246 1501 tribus
262 1470 374 1502 Deum
398 1469 630 1501 metuentibus
644 1494 652 1509 ‚
672 1479 805 1501 summa
824 1479 902 1500 cum
923 1467 1104 1499 velocitate
1123 1467 1168 1500 ad
1187 1469 1366 1503 heremum
1389 1473 1554 1505 convola-

136 1526 203 1567 vit,
231 1527 434 1559 nemoribus
462 1538 608 1571 opacam
637 1534 668 1558 et
696 1525 732 1557 111
759 1537 848 1570 pago
876 1524 980 1558 Utico
1014 1524 1202 1557 Oximense
1230 1526 1343 1562 5113111.
1374 1528 1442 1562 Sed
1473 1541 1551 1562 cum

137 1581 283 1615 eandem
297 1583 418 1615 silvam
435 1582 578 1627 ingressi
596 1581 738 1614 fuissent
759 1590 791 1614 et
808 1580 901 1613 invia
913 1593 1058 1625 quaeque
1074 1581 1151 1614 loca
1168 1582 1421 1618 circumeuntes
1436 1586 1553 1619 locum

138 1637 201 1670 sibi
220 1636 265 1671 ad
284 1637 514 1671 habitandum
532 1646 747 1683 oportunum
765 1645 957 1681 quaererent
971 1663 980 1677 ,
1009 1636 1149 1669 tandein
1165 1663 1173 1678 ‚
1193 1638 1384 1684 opitulante
1401 1641 1555 1675 Domino

139 1694 255 1739 eisque
271 1695 363 1727 viam
381 1707 442 1740 per
458 1694 619 1739 angelum
639 1702 851 1726 monstrante
865 1721 873 1735 ‚
895 1702 1062 1726 venerunt
1082 1706 1185 1739 super
1200 1703 1357 1740 stagnum
1375 1697 1554 1741 quoddam

141 1763 319 1796 magnum,
343 1751 402 1783 ubi
421 1750 523 1783 etiam
548 1759 579 1783 61
607 1750 718 1783 fontes
734 1749 835 1783 valde
852 1749 938 1782 boni
958 1749 1093 1782 inu—nti
1112 1759 1205 1783 sunt.
1226 1751 1362 1792 Quibus
1378 1754 1471 1795 visis,
1491 1755 1555 1787 laeti

139 1806 240 1840 valde
267 1807 361 1848 facti,
387 1806 576 1851 gratiarum
595 1807 768 1838 actionem
786 1807 859 1838 Deo
877 1805 1082 1845 retulerunt,
1102 1805 1282 1839 laudantes
1301 1808 1358 1852 qui
1378 1822 1557 1855 nunquam

142 1863 235 1897 deest
253 1863 358 1896 servis
376 1863 444 1896 suis
461 1863 680 1909 sperantibus
699 1862 733 1894 in
752 1874 804 1902 se,
830 1869 862 1894 et
880 1870 1046 1907 ponentes
1066 1875 1177 1907 genua
1196 1875 1325 1895 nomen
1343 1866 1485 1899 Domini
1507 1867 1559 1900 in-

142 1920 315 1953 vocabant
330 1947 335 1961 ,
358 1927 562 1953 consuetum
578 1919 748 1951 horarum
767 1930 907 1950 cursum
925 1943 932 1958 ‚
954 1926 991 1950 ut
1010 1918 1264 1951 monachornm
1283 1932 1364 1952 usus
1380 1922 1533 1966 exposcit
1548 1951 1556 1964 ‚

144 1977 337 2017 solvente33
365 1974 491 2008 deinde
508 1976 694 2008 claustrum
714 1975 897 2020 parvulum
918 1973 961 2007 de
982 1974 1139 2019 virgultis
1157 1974 1337 2008 frondium
1357 1976 1559 2023 circumpo-

145 2039 264 2064 nentes
281 2039 312 2064 et
336 2030 476 2063 modico
502 2031 642 2075 tugurio
667 2038 781 2062 erecto
803 2030 865 2062 visi
892 2038 971 2062 sunt
1000 2030 1180 2063 inchoasse
1202 2029 1300 2075 quod
1320 2031 1356 2063 in
1385 2033 1557 2078 reliquum

147 2088 313 2134 temporis
327 2087 502 2133 praeferret
517 2087 593 2120 talis
618 2087 783 2132 incoeptio
802 2087 928 2132 operis.
948 2101 965 2117 1)

198 2215 216 2232 ε(
236 2200 391 2243 Namque
408 2211 487 2231 cum
502 2206 578 2243 post
597 2198 756 2230 collectas
774 2198 920 2230 fratrum
935 2197 1042 2242 gratia
1058 2197 1259 2242 quiescendi
1275 2199 1418 2233 thorum
1432 2210 1563 2247 peteret

150 2257 348 2303 proprium,
363 2257 500 2288 silenter
518 2254 562 2287 ad
576 2268 610 2288 se
627 2267 729 2287 suum
751 2254 945 2287 advocabat
967 2255 1121 2287 baiulum
1135 2282 1143 2297 ‚
1163 2267 1275 2288 sacras
1295 2259 1479 2291 sententias
1496 2260 1563 2293 51111

151 2315 293 2346 recitare
320 2313 507 2345 faciens....
523 2337 531 2352 ‚
556 2319 606 2350 et,
631 2322 710 2343 cum
728 2323 746 2343 a
771 2310 918 2342 lectione
935 2309 1110 2343 audienda
1137 2311 1206 2344 sive
1226 2312 1370 2356 legenda
1389 2316 1561 2357 cessabat,

152 2373 360 2418 multiplices
382 2372 549 2404 horarum
574 2382 692 2402 cursus
712 2369 876 2414 psallebat
896 2368 1086 2402 secundum
1110 2382 1240 2403 morem
1263 2372 1501 2407 Romanorum
1531 2384 1564 2410 et

154 2433 417 2466 Gallicanorum
435 2443 494 2464 seu
512 2428 688 2462 Benedicti
711 2438 743 2461 61
763 2429 887 2461 Scotici
908 2428 1071 2473 (Scortici
1091 2429 1171 2462 (lans
1190 2430 1217 2462 le
1236 2430 1309 2477 ms.)
1329 2432 1562 2478 columbani,

154 2501 242 2534 quos
259 2488 330 2533 ipse
350 2486 526 2519 canendos
549 2485 613 2517 51111
636 2484 818 2519 indixerat.
842 2485 1044 2517 oblationes
1060 2486 1161 2518 etiam
1179 2499 1241 2531 per
1257 2487 1409 2532 singulos
1426 2489 1498 2524 dies
1513 2505 1564 2525 53-

157 2544 355 2578 cerdotibus
373 2542 555 2577 sacrandas
572 2542 755 2582 offerebat,
769 2549 800 2573 61
819 2540 942 2574 diebus
959 2541 1145 2575 dominicis
1165 2544 1329 2576 omnibus
1344 2553 1411 2579 tres
1422 2547 1565 2591 jubebat

158 2614 192 2634 se
215 2609 380 2646 praesente
408 2599 525 2632 missas
551 2597 740 2638 celebrari,
765 2598 800 2630 111
827 2598 954 2642 quibus
978 2598 1092 2632 solitas
1115 2599 1284 2633 offerebat
1310 2601 1531 2639 oblationes..
1558 2631 1565 2638 .

158 2659 229 2691 Ter
250 2657 285 2689 in
303 2668 395 2689 anno
413 2667 547 2689 comam
569 2653 735 2688 tondebat
752 2654 886 2699 capitis.
907 2668 924 2685 1)

1054 2729 1063 2745 ,
1559 2737 1566 2744 o

211 2783 226 2801 α
247 2770 329 2801 Erat
347 2776 458 2800 autem
478 2767 554 2799 viro
573 2766 713 2799 Domini
735 2766 883 2799 maxima
909 2767 1107 2801 sollicitudo
1127 2781 1206 2814 erga
1226 2768 1474 2805 habitationem
1495 2785 1571 2818 pas-

1369 2837 1396 2884 f
