2081 3408
163 279 220 326 [Μ
235 279 297 329 38]
545 279 689 314 LIBER
716 278 917 314 TERTIUS
946 277 1173 315 DECDIUS.
1487 279 1562 314 113

160 365 526 425 Scrobesburiae,
559 366 639 427 qui
662 365 867 412 habebat
892 366 937 410 in
964 364 1185 427 conjugio
1221 373 1409 428 neptem
1436 365 1560 410 Rod-

160 442 278 487 berti
312 442 494 487 comitis
517 442 822 500 Gloucestrae,
851 442 1003 488 favere
1032 442 1094 486 illi
1119 441 1296 501 volens,
1325 442 1371 486 in
1404 459 1562 504 regern

160 519 416 576 rebellavit,
445 529 488 564 et
507 520 778 583 praedictam
803 520 969 565 urbem
996 529 1160 564 contra
1184 519 1315 564 illum
1351 519 1444 565 fere
1466 536 1562 565 uno

160 611 319 640 mense
352 594 516 639 tenuit.
545 593 770 651 Tandem,
802 610 960 639 meuse
994 603 1213 655 augusto,
1247 594 1371 655 regia
1393 596 1563 640 virtute

158 672 307 718 victus
325 672 517 734 aufugit,
537 681 579 717 et
598 689 676 716 rex
703 672 812 717 forti
832 673 1005 717 assultu
1028 672 1339 717 munitionem
1362 671 1559 734 subegit.

161 749 377 794 Arnulfus
401 749 459 794 de
483 749 719 811 Hesdingo
743 748 829 811 (³1),
864 749 1039 812 praefati
1066 749 1251 810 juvenis
1282 749 1560 808 avunculus,

156 825 406 872 bellicosus
423 827 554 872 miles
568 843 619 872 ac
641 827 927 885 temerarius,
947 827 1183 872 multoties
1199 843 1222 871 a
1238 843 1342 887 rege
1358 825 1562 871 oblatam

156 919 320 966 pacem
345 903 545 966 superbe
570 904 760 968 respuit,
790 904 980 966 insuper
1003 912 1047 948 et
1069 903 1293 964 injuriosa
1307 903 1403 965 regi
1423 902 1566 948 verba

152 981 348 1043 jaculari
372 981 683 1043 praesumpsit,
711 990 754 1025 et
778 980 893 1025 alios
918 980 998 1042 qui
1023 996 1120 1025 sese
1145 980 1319 1026 dedere
1344 981 1565 1027 volebant

158 1057 204 1101 in
242 1057 497 1102 rebellione
535 1056 835 1119 pertinaciter
874 1066 1082 1119 perstare
1119 1057 1289 1118 coegit.
1330 1058 1562 1119 Denique,

157 1145 293 1197 capta
315 1135 597 1193 munitione,
627 1151 736 1179 cum
763 1133 921 1178 multis
944 1134 1043 1178 aliis
1070 1134 1167 1197 ipse
1196 1133 1566 1197 comprehensus

156 1221 245 1268 est,
283 1221 328 1256 et
359 1211 558 1274 principi
584 1227 727 1273 quem
763 1219 1109 1272 contempserat
1134 1209 1319 1255 oblatus
1360 1219 1443 1255 est.
1470 1212 1566 1255 Rex

157 1298 342 1346 autem,
387 1288 496 1350 quia
537 1305 624 1351 pro
661 1287 1023 1333 mansuetudine
1070 1303 1153 1332 sua
1199 1286 1567 1350 contemptibilis

157 1365 516 1411 contumacibus
551 1365 821 1423 videbatur,
861 1364 1063 1427 ideoque
1089 1363 1226 1409 multi
1252 1363 1483 1409 nobilium
1506 1363 1567 1410 ad

157 1443 338 1488 curiam
369 1443 467 1504 ejus
492 1443 619 1488 asciti
650 1442 809 1487 venire
841 1440 1240 1504 dedignabantur,
1272 1442 1440 1500 iratus,
1478 1444 1567 1486 Ar-

157 1518 338 1563 nulfum
375 1519 583 1581 aliosque
614 1518 707 1563 fere
742 1534 851 1563 xciii
885 1517 942 1562 de
980 1517 1053 1562 his
1083 1517 1163 1580 qui
1192 1517 1233 1562 ei
1263 1516 1562 1575 obstiterant,

152 1595 284 1658 jussit
329 1596 542 1659 patibulo
587 1594 834 1658 suspendi,
877 1594 1071 1657 aliisque
1114 1593 1362 1655 generibus
1403 1595 1567 1640 mortis

158 1672 426 1718 festinanter
465 1673 636 1736 puniri.
688 1672 905 1718 Arnulfus
943 1673 1118 1735 quippe
1154 1689 1258 1718 sero
1304 1673 1562 1735 poenitens,

157 1750 327 1812 aliique
353 1751 510 1813 plures
541 1751 634 1811 regi
657 1767 742 1813 pro
775 1767 822 1795 se
849 1749 1245 1813 supplicaverunt,
1275 1750 1567 1814 multamque

158 1828 407 1890 pecuniam
433 1845 519 1891 pro
535 1828 860 1892 redemptione
883 1829 953 1873 sui
976 1829 1310 1891 promiserunt.
1339 1829 1429 1874 Sed
1459 1846 1566 1891 rege

159 1902 385 1948 ultionem
402 1903 630 1949 scelerum
650 1904 808 1949 multis
822 1905 922 1949 auri
942 1904 1562 1967 ponderibuspraeponente,

159 1980 374 2041 protinus
386 1980 601 2026 trucidati
613 1990 737 2025 sunt.
750 1981 937 2041 Turgidi
952 1990 1107 2026 autem
1120 1981 1372 2043 complices
1381 1997 1562 2041 eorum,

160 2064 287 2101 tanta
315 2057 556 2101 severitate
587 2057 706 2118 regis
735 2056 922 2115 audita,
952 2058 1090 2101 nimis
1125 2057 1271 2102 territi
1307 2066 1437 2117 sunt,
1471 2067 1566 2102 tre--

160 2133 368 2194 mulique
402 2135 447 2178 in
486 2133 642 2178 triduo
677 2134 735 2179 ad
771 2150 929 2194 regem
967 2143 1299 2192 accurrerunt,
1339 2144 1383 2179 et
1419 2135 1568 2180 varias

160 2211 508 2267 excusationes,
546 2210 676 2272 quod
701 2210 880 2255 tamdiu
915 2210 1223 2269 tardaverint,
1262 2211 1568 2256 commentati

161 2296 284 2332 sunt.
313 2287 517 2344 Quidam
547 2288 685 2333 etiam
712 2287 1027 2332 munitionum
1051 2304 1240 2333 suarum
1265 2287 1417 2333 claves
1438 2286 1570 2333 detu-

163 2469 356 2498 monastere
382 2465 425 2499 de
443 2466 679 2511 Sbrewsbury.
708 2465 825 2506 Quant
851 2467 867 2496 a
885 2464 1100 2506 Guillaume,
1129 2477 1217 2498 nous
1234 2477 1341 2498 avons
1358 2478 1425 2498 une
1451 2466 1570 2500 charte

163 2523 249 2557 dans
269 2525 412 2568 laquelle
427 2525 449 2556 il
466 2525 628 2570 s'appelle
645 2521 906 2566 Villelmusfilius
921 2524 1036 2564 Alani,
1050 2535 1125 2556 sans
1142 2536 1174 2556 se
1191 2524 1348 2568 qualifier
1365 2523 1407 2557 (le
1419 2525 1570 2559 vicomte

164 2581 207 2616 cle
226 2583 462 2630 Shrewsbury.
481 2584 575 2630 Voy,
596 2587 740 2615 JIwzast.
758 2582 895 2627 anglie„
914 2594 1020 2617 nouv.
1041 2581 1141 2623 edin,
1163 2584 1232 2625 III,
1252 2585 1331 2616 523.

212 2642 256 2688 (1)
278 2642 324 2674 Ce
339 2654 554 2688 personnage
571 2641 663 2674 tirait
691 2654 766 2675 sans
787 2641 892 2674 doute
913 2654 974 2674 son
993 2654 1077 2674 nom
1098 2640 1140 2674 de
1158 2641 1290 2675 Hesdin
1304 2669 1312 2683 ,
1331 2655 1373 2675 en
1388 2643 1516 2676 Artois.
1541 2645 1571 2678 Il

164 2709 211 2734 est
230 2703 351 2747 appele
367 2701 492 2744 Erratis
506 2700 544 2733 de
562 2700 710 2746 Hesding
723 2700 809 2734 dans
827 2713 894 2734 une
912 2701 1028 2734 charte
1050 2700 1093 2734 de
1117 2700 1362 2747 l’imperatrice
1386 2701 1570 2736 Maihilde.

163 2760 259 2807 Voy.
278 2762 420 2808 Rymer,
441 2773 549 2795 nouv.
570 2759 670 2803 edit„
690 2761 719 2802 I,
742 2762 772 2801 I,
797 2762 847 2795 14.

376 2840 400 2864 v
1337 2830 1358 2864 8
