2081 3408
592 330 685 365 SUR
714 330 926 367 ORDERIC
955 331 1112 368 VITAL.
1488 346 1551 370 xix

154 429 204 452 un
222 415 382 453 nombre
402 415 661 452 considerable
682 415 908 468 d’ouvrages
922 419 1117 468 composes
1134 432 1203 469 par
1218 419 1283 456 des
1304 420 1486 471 religieux
1507 422 1555 459 de

154 477 348 528 l’abbaye⁷
372 477 463 515 dans
486 477 520 515 le
540 491 650 515 cours
678 478 729 515 du
749 486 803 514 xie
824 488 859 516 et
878 479 928 516 du
958 487 1026 516 xue
1051 480 1176 519 siecle.
1199 481 1374 532 Quoique
1391 496 1487 520 nous
1507 497 1555 521 ne

202 636 405 669 Ambrosius
422 635 465 668 de
483 635 714 669 sacramentis,

201 692 402 724 Ambrosius
422 690 466 724 de
483 689 647 723 conflictu
664 690 834 723 viciorum
852 698 952 735 atque
968 691 1147 725 virtutum.

203 747 392 779 Ambrosius
405 759 500 792 super·
512 747 670 792 psalmum
689 760 700 778 :
723 746 816 779 Beati
832 746 1055 780 immaculati.

202 807 249 836 De
274 805 403 849 scriptis
422 805 568 847 magistri
596 804 707 844 Petri,
733 804 873 848 episcopi
900 805 1112 836 Parisiensi5.·

202 861 359 904 Magister
378 863 488 890 Petrus
505 858 813 903 super-psalterium,
834 859 866 889 in
885 872 947 890 uno
968 859 1136 901 volumine,
1152 859 1243 904 glosa
1261 863 1426 894 continua.

203 918 279 946 Item
295 914 464 945 scola-§lica
481 913 629 956 historia,
651 915 681 945 in
703 913 802 945 tribus
820 913 1041 948 voluminibus.

209 970 323 1002 Eadem
342 970 487 1009 historia,
505 971 537 1000 in
555 981 616 1000 uno
635 969 801 1002 volumine.

203 1026 365 1057 Sententie
391 1023 549 1068 ejusdem;
566 1024 659 1068 glosa
685 1025 837 1055 continua
862 1036 958 1069 super
974 1025 1124 1070 epistolas
1146 1026 1241 1058 Pauli
1263 1028 1420 1072 apostoli,
1441 1029 1472 1060 in
1497 1041 1560 1061 uno

158 1081 324 1112 volumine.

203 1135 297 1166 Liber
318 1134 485 1178 Egesippi.

202 1192 251 1222 De
267 1189 400 1233 scriptis
415 1188 506 1221 beati
522 1190 704 1234 Augustini
722 1190 785 1224 hec
802 1191 975 1225 habentur
992 1191 1027 1223 in
1043 1191 1107 1224 hac
1123 1191 1265 1226 ecclesia
1284 1205 1291 1227 ε

201 1245 414 1291 Augustinus
430 1256 532 1290 super
549 1246 760 1279 Johannem.

203 1301 415 1347 Augustinus
432 1298 474 1332 de
491 1302 604 1334 verbis
620 1302 776 1338 Domini.

204 1359 416 1403 Augustinus
432 1360 475 1394 de
492 1371 650 1393 sermone
666 1359 808 1392 Domini
821 1359 858 1392 in
876 1367 1007 1395 monte.

204 1416 416 1459 Augustinus
432 1427 533 1462 super
549 1415 764 1460 psalterium.

204 1472 414 1515 Augustinus
431 1472 472 1505 de
494 1471 629 1504 civitate
647 1471 724 1503 Dei.

203 1527 412 1570 Augustinus
429 1526 472 1560 de
490 1526 650 1560 doctrina
675 1525 876 1560 christiana.

205 1583 416 1627 Augustinus
433 1591 554 1616 contra
570 1582 748 1616 Faustum.

208 1639 419 1683 Augustinus
437 1648 559 1672 contra
578 1639 771 1672 Julianum.

206 1696 417 1740 Augustinus
435 1704 555 1728 contra
572 1696 724 1740 quinque
740 1693 889 1727 hostium
907 1706 1046 1740 genera.

206 1752 417 1796 Augustinus
433 1751 476 1784 de
490 1763 600 1796 agone
619 1750 820 1784 christiano.

206 1809 417 1853 Augustinus
434 1807 477 1840 de
494 1807 612 1840 decem
631 1807 739 1853 plagis
755 1807 870 1853 Egipti
885 1815 917 1840 et
935 1806 978 1840 de
996 1807 1117 1840 decem
1134 1808 1305 1853 preceptis
1323 1810 1478 1843 Domini.

210 1864 421 1909 Augustinus
437 1863 480 1897 (le
499 1877 539 1897 eo
559 1864 617 1908 qui
632 1872 801 1909 provocat
818 1863 1000 1897 hominem
1018 1862 1063 1897 ad
1081 1864 1311 1910 juracionem.

208 1920 391 1965 Augustini
410 1920 495 1952 liber
510 1919 814 1952 retractacionum.

209 1975 389 2020 Augustini
406 1975 493 2006 liber
508 1974 754 2009 Enchiridion.

210 2029 391 2073 Augustini
409 2029 495 2060 liber
512 2028 554 2061 ad
573 2029 761 2061 Dulcilium
782 2027 824 2060 de
840 2036 920 2061 octo
937 2029 1186 2073 questionibus.

211 2084 393 2128 Augustini
410 2092 529 2116 contra
549 2084 762 2116 Felicianum
781 2083 824 2116 de
841 2084 1012 2117 Trinitate
1040 2093 1071 2117 et
1097 2084 1139 2118 de
1162 2086 1400 2121 incarnatione
1423 2089 1567 2124 Christi.

212 2138 390 2184 Augustini
408 2138 450 2171 de
467 2138 609 2171 diversis
628 2138 938 2172 consuetudinibus
958 2140 1111 2173 ecclesie.

210 2194 393 2239 Augustini
408 2206 512 2239 super
528 2194 689 2227 Genesim
709 2193 753 2227 ad
770 2194 929 2229 litteram.

211 2251 261 2283 De
279 2250 411 2295 scriptis
426 2250 515 2283 beati
533 2250 702 2296 Cypriani
723 2259 754 2283 et
769 2249 969 2283 Cassiodori
987 2259 1018 2283 et
1036 2251 1218 2285 Haimonis
1233 2262 1264 2286 et
1278 2255 1447 2289 Bernardi
1463 2258 1568 2293 abba-

166 2305 206 2339 tis
226 2305 422 2338 Clarevallis
437 2313 468 2337 et
486 2305 639 2350 magistri
656 2306 814 2350 Hugonis
832 2305 1030 2338 Parisiensis
1051 2319 1057 2339 :

211 2361 376 2408 Cypriani
393 2373 504 2394 sermo
526 2360 568 2394 de
586 2374 690 2406 opere
705 2370 735 2394 et
754 2362 956 2397 elemosina.

212 2417 377 2464 Cypriani
395 2429 506 2450 sermo
525 2416 567 2450 de
585 2417 749 2450 oracione
766 2416 954 2451 dominica.

213 2472 410 2507 Cassiodori
427 2473 512 2505 liber
532 2473 705 2506 variarum
726 2473 928 2508 formarum.

213 2527 408 2562 Cassiodori
424 2529 511 2561 liber
530 2528 573 2561 de
590 2529 718 2562 anima.

214 2583 410 2616 Cassiodori
427 2584 515 2616 liber
534 2583 577 2616 de
594 2584 817 2617 institucione
838 2583 1035 2617 divinarum
1056 2585 1317 2631 scripturarum.

218 2638 428 2671 Cassiodorus
447 2652 541 2685 supet·
554 2640 745 2685 psalterium
759 2667 767 2682 ,
786 2641 816 2672 ιή
837 2640 937 2672 tribus
955 2641 1174 2677 voluminibus.

216 2694 339 2728 Haimo
359 2707 463 2740 super
479 2696 639 2740 epistolas
655 2697 764 2729 Pauli.

216 2749 394 2782 Haimonis
412 2751 535 2783 omelie
553 2751 588 2783 in
605 2752 787 2797 evangeliis
803 2750 1074 2797 quadragesime.

218 2809 294 2838 Item
309 2805 413 2838 eedem
431 2807 539 2839 omelie
556 2809 587 2839 in
608 2806 672 2840 alio
692 2808 859 2840 volumine.
