2081 3408
455 259 529 294 184
1029 259 1289 294 APPENDIX.

453 345 601 382 clierius
621 344 734 380 frater
754 344 833 390 ejus
856 344 957 393 quod
975 359 1108 382 omnes
1127 346 1357 397 episcopales
1379 347 1600 383 soi-facturas
1628 346 1855 384 haberemus

454 406 549 443 sicut
567 414 673 455 pater
687 418 817 441 eorum
841 415 1011 442 tenuerat
1033 406 1070 442 in
1095 415 1171 443 tota
1191 408 1280 444 villa
1301 408 1346 444 de
1365 408 1555 444 Tolclieta.

507 471 555 505 11.
579 467 719 503 Eodem
741 467 800 503 die
818 469 847 511 (1
861 470 885 511 J,
908 467 944 503 in
966 467 1100 503 eodem
1121 468 1301 517 capitulo,
1330 470 1512 506 concessit
1535 469 1764 519 lingenulsus
1788 482 1856 519 ge-

453 543 522 567 ner
541 529 719 565 Willelmi
744 528 876 566 decani
898 529 1012 579 patris
1032 530 1184 566 Ricardi
1212 539 1324 579 atque
1344 531 1508 568 Richerii
1528 541 1642 568 totam
1673 531 1854 568 decimam

454 592 566 628 unius
588 604 745 641 carruce
765 591 812 628 ad
826 591 1043 628 Tolchetam
1061 600 1096 628 et
1110 593 1253 642 accepit
1266 594 1455 630 orationes
1476 594 1512 630 in
1530 594 1696 644 capitulo
1715 602 1750 630 et
1765 606 1860 629 uxor

456 654 536 703 ejus
560 653 606 690 de
629 662 704 689 toto
726 667 794 690 suo
813 654 860 690 ad
885 654 998 690 finem
1019 667 1058 690 se
1077 654 1189 704 cepit.

509 718 575 752 III.
598 718 783 765 Tempore
800 717 953 767 Rogerii
974 716 1140 761 abbatis,
1162 716 1226 765 qui
1241 716 1366 753 abbati
1382 718 1528 754 Scrloni
1544 718 1735 765 successit,
1757 718 1860 755 venit

455 777 674 814 Billeheldis
716 791 813 814 uxor
849 778 1009 814 Baldrici
1050 777 1095 814 de
1134 778 1382 816 Balchenceio
1424 780 1461 816 in
1502 781 1707 829 capitulum
1743 775 1860 816 sancti

455 838 614 884 Ebruifl,
633 847 668 876 et
681 839 823 890 accepit
838 840 1026 876 orationes
1041 849 1076 876 et
1089 839 1313 877 beneficium
1334 841 1404 878 loci
1418 872 1425 886 ‚
1444 850 1478 878 et
1494 841 1596 878 (ledit
1616 841 1798 878 decimam
1816 839 1862 876 (le

459 915 527 938 suo
554 900 741 946 dominio,
768 902 804 938 id
827 911 881 939 est
904 903 949 939 ‹le
973 916 1039 940 sua
1059 916 1235 948 carruca,
1263 912 1298 940 et
1323 904 1394 941 hoc
1414 904 1576 941 libenter
1598 910 1863 941 concesserunt

458 964 524 1001 filii
546 963 622 1009 sui,
644 965 857 1001 Rodbertus
877 965 1053 1001 videlicet
1076 964 1249 1001 (lominus
1269 965 1314 1002 de
1332 965 1475 1002 honore
1496 974 1531 1002 et
1557 965 1763 1002 Baldricus.
1788 967 1865 1000 Eo-

462 1025 546 1062 dem
570 1025 629 1062 die
643 1055 651 1071 ‚
676 1026 748 1062 hoc
769 1035 821 1063 est
841 1026 879 1063 in
903 1027 962 1063 die
983 1027 1211 1064 inventionis
1227 1036 1353 1064 sancte
1368 1028 1488 1064 crucis
1512 1030 1578 1075 (2),
1600 1026 1813 1064 Rodbertus
1831 1033 1867 1062 et

461 1086 670 1132 Baldricus,
687 1087 750 1123 filii
772 1087 866 1133 ejus,
885 1088 1049 1137 quicum
1066 1089 1144 1138 ipsa
1164 1098 1346 1125 venerant
1366 1090 1403 1125 in
1422 1089 1627 1139 capitulum
1643 1118 1651 1134 ,
1671 1100 1866 1125 concesse-

463 1157 550 1185 runt
565 1161 631 1185 sua
647 1158 852 1199 spontanea
872 1150 1068 1186 voluntate
1087 1150 1264 1199 quiequid
1288 1159 1393 1200 pater
1413 1160 1447 1187 et
1467 1160 1722 1188 antecessores
1737 1162 1866 1187 eorum

464 1210 547 1247 loco
572 1210 754 1247 dederant
775 1219 809 1246 et
829 1219 1107 1258 concesserant,
1125 1219 1259 1247 etcum
1280 1221 1399 1248 matre
1419 1226 1485 1248 sua
1505 1212 1775 1248 fraternitatem
1797 1210 1868 1247 loci

465 1285 551 1309 cum
584 1286 719 1322 magna
747 1273 949 1310 devotione
975 1282 1244 1322 susceperunt,
1279 1283 1315 1310 et
1347 1274 1542 1324 ecclesiam
1572 1274 1690 1310 sancti
1720 1273 1871 1310 Martini

466 1334 691 1370 nominatim
718 1344 1004 1379 concesserunt,
1031 1344 1065 1371 et
1087 1335 1133 1371 de
1154 1335 1211 1371 his
1231 1335 1407 1372 omnibus
1427 1349 1511 1372 cum
1533 1349 1600 1372 sua
1621 1344 1738 1372 matre
1757 1348 1872 1384 super

467 1396 583 1432 altare
605 1395 847 1432 donationem
868 1405 903 1432 et
931 1397 1210 1433 concessionem
1242 1406 1463 1446 posuerunt.
1489 1399 1729 1447 Quapropter
1757 1397 1873 1433 abbas

469 1457 571 1494 (ledit
598 1457 650 1494 eis
682 1471 800 1493 unum
833 1458 1034 1503 caballum,
1068 1458 1155 1495 licet
1186 1458 1257 1508 ipsi
1289 1459 1441 1495 minime
1471 1458 1727 1507 requisissent.
1762 1457 1873 1505 Quod

469 1532 553 1555 cum
575 1519 780 1570 gratiarum
801 1519 947 1555 actione
968 1528 1229 1569 susceperunt,
1256 1533 1300 1556 eo
1323 1519 1424 1568 quod
1446 1519 1565 1566 major
1587 1519 1717 1565 frater,
1735 1519 1874 1556 videli-

471 1590 527 1618 cet
548 1581 777 1627 Rodbertus,
796 1581 1009 1618 Baldricum
1028 1582 1378 1628 fratremjuniorcm
1396 1582 1583 1619 instruere
1599 1591 1685 1618 tunc
1700 1580 1875 1631 cupiebat

472 1644 519 1680 ad
541 1643 711 1681 militem.
741 1647 866 1680 Testes
890 1645 1079 1695 lVQerius
1106 1653 1263 1694 patruus
1291 1644 1511 1680 eorumdem
1535 1645 1693 1680 fratrum
1715 1652 1750 1680 et
1778 1643 1874 1679 filins

473 1704 552 1750 ejus
584 1704 713 1749 Falco,
747 1705 944 1742 Fulbertus
976 1706 1192 1742 forestarius
1224 1719 1377 1748 eorum,
1413 1708 1524 1755 Hugo
1560 1705 1655 1741 filius
1688 1703 1872 1750 Fulcaldi‚

474 1766 672 1810 Narseum,
699 1767 781 1802 Odo
800 1780 927 1813 cocus,
948 1767 1087 1803 Natalis
1107 1767 1291 1803 nutricius
1318 1766 1467 1803 infantis
1493 1766 1673 1803 Willelmi
1700 1765 1878 1803 videlicet

474 1827 520 1863 de
538 1829 695 1865 Roclent
714 1837 750 1864 et
767 1828 997 1865 &alefridus
1018 1829 1276 1879 sanguinator.

528 1893 591 1928 IV.
622 1891 884 1939 Calumpniam
911 1903 1024 1938 quam
1047 1890 1230 1926 Girardus
1260 1893 1382 1927 Trove
1408 1889 1572 1926 habebat
1601 1902 1715 1939 super
1739 1899 1878 1926 terram

475 1965 588 2001 quam
620 1952 721 2002 apud
747 1951 881 1988 Molins
908 1951 1116 1997 habemus,
1142 1960 1342 2000 antequam
1366 1951 1507 1995 obiret,
1537 1950 1690 1987 dimisit
1718 1949 1881 1996 Quidam

476 2015 575 2052 enim
600 2014 807 2050 monachus
829 2022 957 2050 noster
977 2014 1079 2050 venit
1099 2014 1145 2050 ad
1173 2027 1259 2050 eum
1273 2045 1281 2059 ,
1307 2014 1369 2050 illo
1390 2014 1513 2050 adhuc
1534 2013 1571 2049 in
1591 2013 1806 2049 infirmitate
1822 2012 1884 2058 ja-

477 2084 604 2122 cente,
627 2075 805 2125 deditque
829 2075 862 2111 ei
882 2075 1051 2112 habitum
1077 2076 1337 2112 monachicum
1352 2106 1360 2121 ,
1383 2085 1419 2112 et
1448 2085 1558 2119 lunc,
1581 2075 1675 2111 sicut
1695 2075 1882 2120 diximus,

477 2150 629 2174 omnem
653 2137 908 2187 calumpniam
934 2137 979 2173 de
999 2137 1080 2186 ipsa
1102 2145 1200 2173 terra
1222 2137 1383 2182 (limisit,
1407 2146 1442 2172 et
1462 2150 1559 2172 uxor
1587 2136 1687 2172 illius
1712 2135 1757 2172 de
1778 2134 1884 2181 cujus

478 2199 686 2236 hereditate
703 2207 783 2235 erat
802 2199 885 2248 ipsa
903 2209 1002 2235 terra
1019 2228 1027 2244 ‚
1050 2207 1085 2235 et
1106 2199 1221 2235 frater
1240 2198 1320 2245 ejus
1345 2197 1528 2234 Ernaldus
1548 2201 1683 2234 Trox'e.
1697 2197 1812 2233 Testis
1831 2205 1887 2232 est

483 2260 528 2296 de
549 2261 618 2296 lioc
641 2261 828 2297 Vuarinus
856 2261 953 2297 iilius
973 2260 1156 2297 Osmundi
1173 2290 1181 2306 ‚
1207 2260 1271 2309 qui
1298 2273 1382 2296 cum
1408 2259 1593 2295 monacho
1623 2267 1714 2294 erat.
1750 2261 1792 2293 In
1824 2257 1885 2293 die

484 2335 575 2359 vero
595 2336 669 2371 quo
691 2336 775 2359 eum
800 2322 1043 2372 sepelivimus
1057 2352 1065 2368 ,
1092 2322 1192 2359 &enit
1212 2336 1307 2358 uxor
1327 2321 1444 2371 ipsius
1468 2320 1618 2357 Girardi
1646 2328 1682 2356 et
1699 2319 1886 2356 Ernaldus

484 2384 598 2420 frater
622 2385 701 2431 ejus
729 2384 765 2420 in
792 2385 998 2434 capitulum
1015 2416 1023 2432 ‚
1055 2392 1091 2421 et
1113 2392 1338 2434 acceperunt
1358 2383 1582 2419 beneficium
1606 2382 1715 2429 liujus
1735 2381 1827 2428 loci,
1851 2388 1887 2417 et

487 2446 764 2482 concessionem
784 2444 1085 2495 quam‘secerant
1105 2444 1268 2482 Girardo
1299 2444 1422 2480 adhuc
1452 2443 1605 2480 vivente
1633 2444 1887 2479 confirmave-

494 2559 635 2566 —n—
889 2562 906 2565 ,-
1031 2561 1063 2564 ,α
1272 2559 1324 2563 «ψ-
1353 2559 1382 2562 ⁴„
1535 2559 1566 2562 Α,
1640 2556 1878 2562 ,-.-,-,,--.-,-

535 2632 578 2678 (1)
607 2633 728 2665 8ax'ril
756 2634 853 2665 1093.

535 2691 581 2730 (ΕΞ)
606 2693 625 2724 3
646 2692 710 2724 mai
734 2692 940 2724 tom-11:³6.
