2081 3408
188 247 218 295 [l
235 247 322 295 134]
571 247 716 281 LIBER
742 246 947 282 TERTIUS
976 246 1204 283 DECIMUS.
1542 248 1589 283 17

187 335 428 398 gentilium
475 335 596 379 acies
633 335 856 380 exercitui
896 335 1013 396 regis
1059 335 1288 391 occurrit,
1330 335 1592 397 acriterque

186 413 381 476 praeliari
410 412 567 475 coepit.
602 412 817 474 Denique
848 428 925 457 rex
943 449 953 469 ,
977 422 1027 457 ut
1053 412 1345 475 pervalidum
1376 412 1461 458 sibi
1493 429 1592 458 cer-

186 499 343 535 tamen
383 490 628 534 imminere
663 489 926 552 prospexit,
950 490 1216 535 veredarios
1252 506 1362 534 suos
1385 489 1596 535 celeriter

188 567 378 622 direxit,
408 576 452 612 et
479 583 644 612 omnes
682 567 860 611 amicos
894 576 1034 628 atque
1064 567 1274 612 contines
1305 576 1355 612 ut
1384 567 1471 612 sibi
1508 566 1597 612 suf-

188 644 479 706 fragarentur
510 643 737 688 exoravit.
779 646 878 706 lpse
914 660 1026 688 vero
1066 660 1173 688 cum
1208 644 1301 688 suis
1334 644 1600 706 agminibus

190 720 358 783 pedem
395 719 454 764 ad
493 720 699 764 vicinum
736 730 946 764 montem
982 720 1148 765 callide
1185 723 1398 777 retraxit,
1440 720 1601 783 ibique

188 794 336 839 tribus
356 795 591 839 continuis
616 793 783 839 diebus
803 810 856 839 ac
882 794 1100 840 noctibus
1124 795 1172 839 in
1198 795 1438 840 obstantes
1464 799 1602 841 Amo-

193 873 344 917 rax'ios
368 871 621 917 dimicavit.
663 871 930 917 Rodbertus
964 882 1120 916 autem
1145 882 1464 933 cognomento
1491 877 1603 918 Bur-

194 948 285 993 ded
312 964 472 992 coines
497 951 769 992 Terracona=
808 947 980 1009 aliique
1016 946 1199 995 fideles,
1236 948 1406 993 auditis
1446 966 1605 994 rumo-

195 1025 323 1070 ribus
348 1025 406 1070 dc
434 1026 551 1087 regis
577 1025 963 1088 impugnatione,
998 1024 1221 1069 xelociter
1244 1027 1411 1070 armati
1446 1026 1608 1073 laxatis

195 1102 390 1147 habenis
431 1102 734 1159 advolarunt,
773 1101 819 1145 in
861 1101 1055 1146 nomine
1091 1104 1199 1146 Jesu
1237 1101 1326 1147 alte
1368 1103 1610 1149 vociferati

195 1188 327 1235 sunt,
358 1178 605 1241 repentino
626 1178 805 1240 inipetu
823 1177 1016 1223 lassatos
1033 1179 1228 1239 gentiles
1247 1190 1608 1242 percusserunt,

196 1265 574 1319 prostraverunt,
623 1256 864 1317 victosque
902 1256 1197 1318 fugaverunt.
1234 1256 1406 1302 Multos
1435 1258 1612 1321 quippe

195 1342 450 1396 ceperunt,
482 1332 640 1396 plures
675 1349 788 1377 xero
828 1342 1147 1391 necaverunt,
1173 1342 1239 1392 et,
1275 1333 1471 1380 victoria
1508 1352 1614 1398 per-

197 1420 316 1468 acta,
344 1410 505 1473 spoliis
527 1410 831 1455 inimicorum
856 1409 1117 1455 admodum
1153 1410 1286 1456 ditati
1319 1422 1450 1471 sunt,
1475 1413 1618 1459 victo-

198 1487 330 1549 rique
358 1490 458 1533 Deo
484 1487 570 1532 laeti
597 1487 764 1549 gratias
789 1497 1000 1549 egerunt.

263 1567 461 1623 Verum,
493 1564 603 1626 quia
638 1565 683 1609 in
723 1563 814 1609 hoc
854 1563 1031 1610 labenti
1069 1567 1239 1611 szeculo
1279 1566 1407 1612 nulla
1442 1577 1617 1613 morta-

198 1641 314 1687 lium
339 1642 550 1705 potentia
573 1642 711 1702 longa
730 1651 824 1699 est,
849 1642 1104 1688 adversitas
1125 1644 1505 1706 prosperitatem,
1527 1644 1617 1690 dis-

198 1729 407 1783 ponente
440 1719 568 1781 justo
606 1729 790 1764 rectore
830 1723 948 1772 Deo,
989 1720 1212 1765 relociter
1246 1732 1492 1784 prosecuta
1527 1732 1612 1768 est.

199 1797 332 1842 Cives
353 1797 479 1841 enim
494 1800 648 1859 Fragze
665 1795 819 1854 urbis,
839 1812 983 1859 quam
1000 1813 1078 1841 rex
1102 1796 1372 1855 obsidebat,
1396 1798 1455 1843 ad
1473 1815 1614 1860 quam

200 1875 417 1919 omnium
440 1875 754 1937 pessimorum
779 1873 837 1919 de
866 1873 1064 1919 ethnicis
1097 1892 1178 1920 seu
1203 1875 1327 1921 falsis
1351 1875 1617 1921 christianis

200 1950 432 2013 refugium
472 1961 596 2007 erat,
633 1961 897 1996 metuentes
935 1961 1031 1996 tam
1065 1953 1354 2013 magnanimi
1391 1953 1615 2015 principis

200 2027 290 2071 iras
345 2027 780 2090 insuperabilesque
843 2037 1040 2073 conatus
1060 2064 1071 2084 ,
1131 2038 1176 2072 et
1247 2029 1613 2074 christianorum

201 2103 371 2149 Christi
404 2120 542 2148 cruce
579 2104 783 2165 signatos
808 2114 851 2149 et
876 2104 1051 2149 invicta
1080 2105 1251 2149 virtute
1278 2106 1613 2152 corroboratos

201 2180 458 2238 exercitus,
483 2197 648 2243 pacem
674 2179 732 2225 ab
758 2196 814 2224 co
842 2180 1099 2243 petierunt,
1125 2190 1167 2225 et
1201 2181 1543 2243 subjectionem
1570 2183 1613 2228 ei

202 2259 463 2304 secundum
512 2258 833 2303 consideratas
878 2258 1175 2304 conditiones
1229 2261 1610 2323 spoponderunt.

203 2336 282 2381 1116
302 2351 412 2380 vero
430 2335 737 2380 concordiam
757 2352 921 2380 eorum
941 2335 1176 2380 obstinata
1194 2347 1351 2382 mente
1376 2338 1608 2395 refutavit,

203 2424 245 2459 et
272 2430 483 2457 annuum
503 2412 691 2474 vectigal
712 2412 770 2457 ab
787 2413 850 2457 eis
870 2413 1074 2476 recipere
1093 2414 1282 2474 sprevit,
1298 2431 1490 2477 seseque
1509 2415 1612 2460 illos

206 2490 453 2535 obsidione
491 2489 797 2534 obtenturum
849 2490 947 2534 fore
995 2491 1265 2549 minitatus,
1302 2492 1612 2554 jurejurando

206 2567 519 2613 confirmavit.
552 2567 693 2623 Quod
717 2567 984 2625 audientes,
1012 2570 1254 2614 Sarraceni
1276 2570 1376 2615 dira
1398 2570 1615 2633 despera-

206 2647 334 2690 tione
353 2645 555 2689 acriores
573 2645 846 2702 extiterunt,
867 2645 923 2690 ad
946 2645 1078 2692 [talin
1100 2664 1255 2709 regem
1275 2648 1434 2693 Africa)
1454 2648 1614 2693 denuo

207 2721 382 2783 legatos
420 2721 672 2778 miserunt,
715 2732 760 2767 et
795 2722 854 2767 ab
886 2722 983 2768 aliis
1020 2723 1204 2785 regibus
1232 2725 1616 2788 principibusque

419 2810 442 2832 v
1382 2804 1403 2825 s)

1383 2829 1404 2838 1-
