2081 3408
248 295 517 345 [1130-11131]
637 295 783 330 LIBER
809 295 1012 331 TERTIUS
1042 296 1270 334 DECIMUS.
1606 295 1655 330 25

247 402 356 431 cum
398 383 629 440 Quirinali
663 384 791 429 clero
827 382 1000 429 Gallias
1041 385 1260 447 expetiit,
1302 385 1553 448 primoque
1595 384 1655 430 ab

248 460 593 507 Arelatensibus
627 471 890 523 susceptus,
919 460 1098 522 legatos
1121 461 1231 506 inde
1260 461 1447 506 Francis
1470 461 1651 505 direxit.

249 543 398 585 Porro
423 539 755 584 cluniacenses
774 575 785 596 ,
816 548 867 583 ut
891 538 991 600 ejus
1014 538 1271 584 adventum
1307 547 1652 600 cognoverunt,

247 635 305 662 Lx
330 633 477 679 equos
498 633 581 662 seu
599 615 753 661 mulos
771 632 880 660 cuni
899 616 1030 660 omni
1047 626 1278 679 apparatu
1297 631 1510 677 congruo
1526 630 1658 678 papae

247 704 292 740 et
322 694 640 740 cardinalibus
682 694 860 740 clericis
901 694 1287 754 destinaverunt,
1325 704 1372 740 et
1413 711 1559 756 usque
1598 693 1659 739 ad

247 788 379 817 suam
437 771 678 816 basilicam
739 771 1055 817 favorabiliter
1113 771 1463 817 conduxerunt.
1530 774 1659 816 Tunc

246 849 426 895 ibidem
452 867 498 894 x1
527 849 696 894 diebus
725 866 898 912 papam
923 866 1033 895 cum
1057 850 1153 895 suis
1177 850 1499 906 detinuerunt,
1518 848 1662 894 eccle-

248 928 460 989 siamque
495 943 669 972 novam
696 928 741 971 in
776 926 962 971 bonore
989 928 1136 971 sancti
1164 927 1301 982 Petri,
1333 927 1659 989 apostolorum

247 1005 490 1068 principis,
527 1004 585 1048 ab
617 1003 786 1048 eodem
821 1020 930 1048 cum
965 1003 1140 1065 ingenti
1169 1003 1376 1066 tripudio
1402 1003 1660 1065 populique

248 1082 509 1143 frequentia
532 1080 742 1126 dedicari
769 1079 977 1125 fecerunt
997 1082 1036 1141 (sl
1056 1089 1085 1137 >.
1113 1080 1228 1125 Inde
1255 1096 1475 1141 magnam
1499 1089 1661 1124 aucto-

248 1160 432 1204 ritatem
457 1157 585 1221 apud
612 1157 852 1202 Occiduos
876 1158 1160 1220 promeruit,
1183 1157 1314 1218 quod
1340 1174 1365 1202 a
1389 1157 1663 1202 Cluniacen-

248 1236 377 1281 sibus
396 1238 530 1280 Petro
546 1234 825 1298 prccpositus
842 1234 994 1279 fuerit.
1018 1234 1084 1279 Ab
1100 1234 1275 1279 eisdem
1301 1234 1478 1297 quippe
1502 1236 1663 1278 Petrus

249 1313 296 1358 in
323 1312 523 1376 pueritia
548 1312 780 1357 enutritus
806 1311 997 1368 coaluit,
1026 1321 1069 1356 et
1095 1328 1261 1357 eorum
1288 1311 1452 1357 habitu
1475 1327 1530 1356 ac
1554 1327 1664 1374 pro-

250 1389 452 1434 fessione
472 1388 735 1434 monachus
756 1389 901 1433 extitit
916 1392 1006 1450 42)-
1032 1389 1286 1449 Gregtffius
1308 1389 1485 1449 itaque,
1513 1404 1539 1433 a
1557 1387 1664 1433 Clu-

251 1466 421 1523 niacis,
455 1482 662 1528 quorum
701 1466 953 1511 auctoritas
985 1466 1105 1510 inter
1142 1475 1376 1510 nostrates
1401 1464 1664 1510 monachos

252 1544 454 1589 maxime
489 1542 728 1606 praecellit,
754 1542 1064 1588 amicabiliter
1094 1552 1143 1587 ut
1175 1553 1306 1606 patet·
1343 1552 1530 1605 patrum
1563 1559 1664 1587 sus-

250 1630 431 1685 ceptus,
459 1619 720 1683 pontificali
742 1629 989 1664 stemmate
1010 1620 1057 1664 in
1076 1619 1235 1664 Galliis
1256 1620 1444 1678 enituit,
1472 1630 1516 1665 et
1532 1618 1664 1664 dein-

252 1714 362 1761 ceps
386 1696 446 1742 ab
473 1696 682 1742 occiduis
710 1696 1002 1760 principibus
1025 1707 1067 1742 et
1094 1697 1326 1760 episcopis
1351 1706 1593 1760 susceptus
1617 1697 1663 1740 in

253 1774 382 1820 brevi
407 1791 599 1837 magnas
623 1775 746 1819 vires
774 1775 1058 1838 impetrax‘it.
1091 1777 1207 1819 Nam
1244 1773 1371 1837 apud
1403 1777 1664 1819 Carnotum

253 1852 482 1896 Henrieus
505 1868 585 1896 rex
612 1851 869 1913 Anglorum
896 1851 956 1897 ad
982 1851 1124 1914 pedes
1156 1850 1254 1912 ejus
1286 1850 1526 1895 humiliter
1561 1866 1665 1895 cor-

254 1929 369 1987 ruit,
403 1928 563 1991 illique
597 1930 909 1974 reverentiam
938 1945 1068 1992 papae
1098 1928 1306 1974 debitam
1337 1928 1443 1973 idus
1461 1928 1666 1989 januarii

255 2016 424 2068 sponte
447 2005 660 2050 exhibuit
691 2008 777 2066 (3),
801 2015 845 2050 et
862 2005 1009 2050 multa
1032 2005 1229 2050 donaria
1244 2005 1466 2050 annanis
1487 2005 1667 2050 clericis

256 2082 399 2144 regali
445 2081 767 2127 munificentia
814 2082 1017 2127 contulit
1062 2087 1157 2143 (.·''⁴‘)⁷
1214 2081 1373 2143 ibique
1420 2082 1466 2126 in
1519 2081 1666 2126 domo

255 2251 293 2284 fit
313 2262 512 2283 couroimer
531 2252 548 2282 a
569 2250 724 2282 Palerme
742 2249 772 2281 lv
787 2249 871 2293 jour
888 2247 930 2280 (lc
947 2248 1034 2280 Noe'l
1052 2247 1206 2288 suivant,
1224 2255 1276 2289 et,
1298 2259 1370 2280 non
1389 2256 1531 2280 content
1553 2246 1596 2280 (le
1614 2259 1669 2281 ces

255 2311 363 2351 titres,
384 2309 451 2355 prit
470 2320 597 2341 encore
614 2307 657 2340 de
673 2308 851 2340 lui-meme
872 2306 1026 2352 pendant
1045 2308 1239 2351 longteinps
1256 2307 1344 2339 celui
1362 2306 1404 2340 de
1423 2307 1475 2340 roi
1493 2307 1641 2340 d'Italie.

306 2370 357 2416 (1)
381 2370 427 2403 Ce
446 2369 495 2401 fut
512 2368 543 2400 le
559 2368 604 2400 ⁶25
618 2368 760 2400 octobre
781 2368 883 2407 1130,
904 2379 982 2399 sous
997 2365 1299 2399 l'administration
1316 2366 1360 2399 (le
1376 2367 1493 2400 Pierre
1511 2367 1542 2400 le
1556 2368 1669 2401 Vene-

258 2430 369 2469 rable,
398 2430 521 2472 ⁴”Ju'eut
544 2427 613 2459 lieu
641 2428 671 2459 la
698 2427 938 2459 consecration
962 2424 1004 2457 do
1022 2425 1147 2470 l¹eglise
1169 2424 1212 2457 (le
1230 2425 1346 2459 Cluui.

307 2488 353 2533 (ᾖ)
378 2487 479 2519 Voila
506 2485 682 2531 pourquoi
714 2497 802 2517 nous
834 2496 924 2516 nous
952 2495 1100 2516 somnies
1125 2485 1253 2516 etonne
1285 2482 1328 2516 de
1350 2483 1381 2516 le
1413 2483 1490 2516 voix·
1520 2485 1671 2529 paraitre

259 2560 303 2581 au
321 2547 454 2579 concile
478 2545 521 2578 (le
545 2545 679 2586 Reims‚
702 2544 835 2576 vestibus
863 2545 989 2589 optimis
1007 2543 1151 2575 indutum
1171 2544 1249 2586 (IV,
1274 2542 1369 2589 385).
1398 2544 1564 2588 Puisqu'il
1590 2544 1672 2578 etait

260 2605 377 2638 moine
406 2603 448 2636 (le
476 2604 591 2645 Cluui,
611 2616 650 2636 ce
674 2616 717 2635 ne
746 2602 933 2648 pouvaicnt
959 2603 1028 2634 etre
1054 2614 1121 2646 que
1146 2600 1205 2634 des
1223 2601 1335 2634 habits
1356 2601 1596 2636 sacer-dotaux.

309 2666 355 2711 (3)
374 2666 420 2697 Le
444 2664 753 2710 13janvicr1131.

308 2724 354 2770 (4)
374 2725 421 2756 Le
438 2723 490 2755 roi
501 2750 509 2764 ,
524 2736 587 2768 par
599 2735 666 2755 une
684 2722 851 2755 attention
867 2720 1024 2761 ‹l‹'·licate‚
1046 2719 1133 2753 dont
1149 2721 1196 2753 les
1210 2720 1293 2765 juifs
1312 2719 1356 2753 de
1372 2733 1422 2753 ses
1436 2711 1530 2754 Etats
1543 2721 1671 2755 durent

262 2784 311 2818 lui
333 2784 447 2817 saveir
471 2784 655 2828 beaucoup
682 2781 725 2815 (le
742 2783 815 2827 gre,
835 2782 881 2814 les
902 2781 1032 2814 associa
1056 2793 1124 2814 aux
1148 2779 1315 2826 depenses
1333 2779 1393 2814 des
1417 2783 1570 2826 presents
1587 2783 1670 2826 qu'il
