2081 3408
744 245 1005 282 APPENDIX.
1498 250 1572 285 155

232 334 320 370 915.
354 335 433 369 Hoc
457 341 626 382 tempore
648 331 786 368 relatus
811 339 865 368 est
893 331 1023 369 beatus
1044 332 1250 370 Audoenus
1281 334 1326 370 de
1348 334 1504 371 Francia
1533 334 1571 371 in

177 394 459 432 Normanniam.

231 457 319 493 917.
352 458 500 492 Mortua
516 455 618 492 Gisla
639 455 782 505 accepit
800 455 911 492 Rollo
934 468 1090 492 uxorem
1111 458 1252 506 Popam
1267 456 1379 493 filiam
1401 457 1568 506 comitis,

175 515 221 552 de
248 528 321 565 qua
342 517 471 566 genuit
508 516 624 552 filium
654 516 809 553 nomine
829 517 1060 554 uillemum.
1084 539 1134 544 -—
1155 517 1256 554 Obiit
1288 517 1398 553 Rollo
1428 518 1571 568 primus

173 576 250 614 dux
267 580 589 625 Normannorum,
611 578 671 615 cui
691 578 869 615 successit
887 579 1085 616 Willemus
1106 579 1203 616 [ilius
1223 579 1316 625 ejus.

226 641 315 676 919.
348 640 543 677 Cuni'adus
564 654 630 677 rex
651 640 744 677 obiit
763 648 799 677 et
819 641 1004 677 Henricus
1030 641 1220 678 successit.

223 703 305 738 Hoc
324 710 492 753 tempore
513 703 606 740 obiit
627 705 770 740 Franco
784 734 791 748 ‚
816 703 875 739 cui
900 703 1075 740 successit
1096 703 1338 741 Gunhardu&

224 765 313 799 922.
346 767 426 801 Hoc
447 774 615 816 tempore
635 765 726 801 obiit
745 765 910 802 Kal-olus
925 795 933 809 ‚
959 766 1018 802 cui
1048 766 1223 802 successit
1245 766 1473 804 Ludovicus.

224 827 314 864 927.
346 829 426 864 Hoc
458 835 626 877 tempore
662 828 808 864 firmata
837 836 893 864 est
925 828 1093 864 amicicia
1124 829 1221 865 inter
1255 842 1383 880 regem
1410 830 1568 880 Francieg

164 886 402 924 Ludovicum
433 898 468 925 et
497 890 703 926 Heuricum
726 902 851 939 regem
882 889 1147 936 Theutonu1u3
1170 891 1207 926 in
1229 905 1304 940 quo
1330 892 1467 941 placito
1498 891 1568 928 fuit

169 949 364 986 Willemus
401 950 477 986 dux
509 954 812 987 Norniannorum
840 959 875 987 et
906 951 1090 987 Ricardus
1121 951 1198 988 dux
1236 954 1563 1003 Burgundionum.

167 1011 363 1048 Willemus
382 1025 472 1049 vero
493 1012 539 1049 (le
564 1013 699 1062 placito
721 1012 870 1049 rediens
890 1013 1008 1049 filiurn
1028 1013 1209 1050 Ludovici
1233 1015 1452 1052 Lotharium
1470 1019 1567 1052 Luc-

166 1070 266 1108 dono
286 1073 333 1109 de
353 1087 459 1110 sacro
483 1074 585 1110 sonte
607 1074 759 1110 levavit.

218 1136 307 1171 934.
340 1134 523 1171 Henricus
545 1134 637 1170 obiit
657 1144 693 1171 et
711 1136 796 1171 Otto
815 1135 1006 1173 successit.

218 1197 299 1232 Hoc
318 1204 487 1246 tempore
521 1196 660 1232 sactum
689 1204 743 1233 est
770 1197 934 1247 prclium
966 1198 1064 1234 inter
1083 1197 1300 1235 Willemum
1327 1199 1503 1236 comitem
1529 1208 1567 1236 et

162 1256 374 1294 Rithulsum
403 1257 686 1294 fraudulentum
713 1267 935 1308 ceterosque
965 1259 1136 1296 infideles
1157 1260 1322 1297 Willemi
1351 1261 1498 1298 comitis
1526 1261 1563 1298 in

162 1319 245 1356 loco
265 1319 329 1368 qui
348 1319 486 1356 dicitur
505 1323 658 1357 Pratum
678 1320 785 1357 Belli.

208 1383 296 1419 938.
329 1382 592 1419 Constantinus
613 1396 697 1418 cum
717 1385 889 1419 Romano
909 1396 1028 1433 puero
1048 1384 1125 1420 filio
1149 1397 1217 1420 suo
1239 1384 1345 1421 annis
1373 1398 1435 1422 xv,

214 1445 302 1480 942.
342 1443 532 1480 Occiditur
562 1444 759 1482 Willemus
799 1444 878 1481 dux
918 1447 1222 1482 Norinannorum
1260 1446 1357 1483 filius
1394 1447 1563 1485 Rollonis

160 1518 224 1541 xv1
248 1504 426 1542 kalendas
448 1505 635 1552 januarii,
656 1506 717 1542 cui
741 1506 918 1543 successit
936 1507 1120 1544 Ricardus
1142 1508 1239 1545 filius
1262 1508 1341 1555 ejus
1362 1509 1427 1558 qui
1452 1511 1562 1546 Vetus

157 1567 309 1606 dicitur.

212 1629 313 1666 Obiit
333 1629 561 1666 Gunhardus
585 1630 784 1681 episcopus
799 1659 808 1677 ⁷
830 1630 890 1667 cui
910 1631 1087 1668 successit
1107 1634 1218 1682 Hugo
1236 1661 1244 1678 ‚
1267 1632 1474 1669 monachus
1490 1632 1560 1669 ha-

157 1692 236 1729 bitu
252 1723 261 1739 ,
282 1705 358 1728 non
382 1704 512 1742 opere.

209 1756 298 1791 945.
331 1757 412 1791 Hoc
431 1766 530 1790 anno
549 1754 619 1790 fuit
640 1754 844 1792 Herluinus
865 1755 1095 1794 interfectus.

207 1818 296 1852 951.
329 1817 414 1852 Otto
438 1828 505 1852 rex
526 1816 672 1852 Italiam
695 1817 886 1867 ingressus
908 1818 976 1854 fuit
997 1831 1156 1867 eamque
1180 1818 1250 1856 sibi
1271 1818 1500 1870 subjugavit.

210 1880 299 1915 953.
332 1877 543 1928 Stephanus
574 1886 610 1914 et
641 1880 905 1916 Constantinus
925 1880 991 1916 filii
1016 1881 1175 1917 Romani
1196 1890 1339 1930 patrem
1369 1894 1480 1918 suuni
1512 1881 1558 1919 de

154 1942 247 1979 solio
278 1941 385 1992 regni
419 1941 627 1989 deponunt.
652 1941 724 1978 Sed
744 1942 1008 1978 Constantinus
1034 1942 1164 1979 ambos
1185 1943 1356 1980 similiter
1379 1943 1555 1992 deponit,

154 2013 190 2042 et
207 2004 288 2053 ipse
308 2016 392 2040 cuin
413 2006 583 2038 Romano
604 2002 680 2038 filio
700 2016 768 2039 suo
791 2016 855 2038 XVI
875 2003 981 2040 annis
1002 2003 1188 2054 regnavit.

208 2069 297 2103 957.
330 2064 548 2109 Liuduffus,
572 2064 716 2101 Ottonis
744 2065 844 2115 regis
869 2064 983 2111 filius,
1014 2065 1212 2115 subjugata
1243 2065 1313 2102 sibi
1336 2066 1464 2113 Italia,
1486 2066 1557 2104 ibi-

153 2128 238 2165 dem
259 2127 364 2164 obiit.

205 2193 294 2228 961.
328 2192 415 2227 Otto
437 2189 619 2239 puerulus
642 2190 680 2226 in
703 2202 830 2240 regem
855 2189 1026 2227 elevatur
1045 2189 1083 2226 in
1103 2189 1344 2239 Aquisgranii
1365 2190 1524 2239 palacio.

205 2255 295 2291 969.
327 2252 551 2289 Nicheforus
570 2252 789 2302 imperator.

204 2317 293 2351 972.
327 2315 412 2350 Otto
436 2314 644 2364 imperator
664 2314 768 2350 obiit.

203 2379 284 2413 Hoc
304 2385 472 2427 tempore
490 2377 595 2414 venit
614 2376 818 2427 Aigroldus
838 2389 905 2413 rex
926 2379 1120 2413 Danorum
1140 2376 1296 2413 consilio
1312 2379 1531 2414 Normanno

150 2452 235 2476 rum
256 2438 424 2475 fidelium
444 2439 594 2476 Ricardi
614 2439 764 2489 pueruli
790 2438 827 2474 in
856 2438 1128 2474 Nornianniam
1152 2446 1188 2475 et
1216 2438 1400 2489 pugnavit
1422 2447 1552 2476 contra

149 2501 385 2538 Ludovicum
419 2514 568 2552 regem,
603 2501 640 2537 in
670 2514 745 2550 quo
771 2501 891 2551 prelio
924 2501 1068 2537 occisus
1101 2508 1155 2536 est
1183 2500 1389 2538 Heriuinus
1425 2514 1550 2539 comes

150 2563 356 2600 Musterioli
378 2571 413 2599 et
431 2576 496 2600 rex
518 2563 731 2599 Ludovicus
751 2571 880 2612 captus
899 2571 965 2600 est.
992 2562 1063 2601 Sed
1087 2562 1276 2613 Getberga
1297 2563 1442 2613 regina,
1463 2576 1552 2600 con-

149 2625 232 2661 silio
255 2624 424 2676 Hugonis
449 2625 593 2675 Magni,
618 2626 735 2662 filium
763 2638 872 2662 suum
893 2625 1111 2662 Lothaiium
1138 2625 1174 2660 in
1199 2624 1368 2661 obsidem
1390 2633 1426 2662 et
1454 2624 1548 2661 duos

149 2687 345 2737 episcopos
364 2687 577 2725 Hildierum
597 2689 864 2726 Belvacensem
885 2697 921 2725 et
937 2688 1125 2726 Gidonem
1146 2688 1457 2726 Suessoniensem
1479 2700 1548 2738 pro
