2081 3408
496 268 569 302 142
1056 267 1314 303 APPENDIX.

546 352 768 403 zephirinus
788 364 899 401 papa.

546 418 635 453 2155.
665 414 916 450 Tertullianus
935 413 1083 452 claruit.

547 478 635 514 218.
667 475 743 513 Sul)
763 475 833 511 hoc
855 474 1024 524 Abgarus
1045 476 1229 526 regnavit.

547 540 635 574 219.
669 536 833 573 Calixtus
854 548 964 585 papa.

546 602 696 634 Mortuo
718 597 928 641 Antonino,
953 598 1127 633 successit
1148 597 1349 635 Macrinus.

547 661 637 696 220.
669 658 854 695 Defuncto
873 658 1059 703 Macrirm,
1082 659 1256 695 successit
1276 663 1424 698 Marcus
1450 662 1624 700 Aurelius
1652 664 1879 702 Antoninus.

548 722 616 756 221
631 751 637 758 .
660 723 852 766 Emmaus,
865 719 903 756 in
915 733 989 769 qua
1003 729 1261 772 cognoverunt
1274 722 1477 759 Dominum
1494 723 1682 774 discipuli,
1700 725 1737 762 in
1751 724 1883 763 urbem

497 780 706 831 edificatur.

550 845 597 879 22
610 846 638 880 4.
672 843 827 880 Aurelio
848 843 1022 880 successit
1041 843 1270 880 Alexander.

551 907 641 943 225.
672 905 792 951 Hujus
825 914 945 942 mater
977 908 1162 943 Mammea
1204 905 1404 958 Origenem
1422 937 1431 955 ‚
1468 906 1666 957 Antiochie
1699 907 1856 944 accitum
1873 936 1881 951 ‚

498 981 644 1005 summo
664 967 807 1003 honore
827 967 972 1005 habuit.

550 1032 639 1066 226.
671 1028 846 1066 Urbanus
867 1042 976 1080 papa.
1000 1029 1069 1066 Hic
1088 1029 1277 1067 constituit
1296 1029 1513 1069 cathedram
1533 1030 1785 1082 episcopalem
1805 1029 1885 1066 sul-

499 1091 625 1127 limem
646 1090 740 1126 lieri.

553 1154 642 1190 227.
674 1152 854 1203 Origenes
873 1151 1100 1202 Alexandrie
1119 1151 1240 1189 clarus
1260 1151 1430 1191 habetur.

551 1216 642 1253 230.
673 1213 883 1250 Poncianus
903 1226 1014 1264 papa.

554 1278 642 1313 235.
676 1278 838 1312 Anterus
863 1288 972 1324 papa.

554 1340 643 1374 237.
676 1337 895 1374 Alexandro
916 1336 1090 1373 successit
1108 1336 1305 1373 Maximus.

555 1401 645 1436 238.
677 1399 892 1436 Persecutio
912 1401 990 1435 VP.

558 1465 719 1498 Anterus
739 1475 849 1511 papa.

557 1525 646 1559 240.
678 1524 878 1559 Interfecto
896 1521 1082 1568 Maximo,
1109 1527 1239 1571 regnat
1257 1519 1483 1557 Gordianus.

557 1587 645 1621 241.
677 1584 873 1621 Africanus
892 1583 987 1620 inter
1005 1583 1203 1633 scriptores
1222 1581 1357 1618 nobilis
1378 1582 1549 1619 habetur*

558 1648 646 1681 242.
678 1645 863 1682 Fabianus
882 1658 991 1695 papa.

559 1710 580 1742 2
594 1710 648 1744 43.
679 1708 829 1743 Erae-las
849 1706 996 1743 claruit.

559 1771 580 1804 2
594 1771 647 1804 47.
680 1768 875 1818 Philippus
895 1769 1111 1817 imperator,
1139 1766 1281 1816 primus
1302 1765 1525 1803 christianus
1545 1766 1762 1817 imperator.

560 1832 648 1865 249.
681 1829 900 1865 Millesimus
920 1841 1039 1864 annus
1058 1827 1105 1864 al)
1129 1827 1222 1864 urhe
1242 1827 1403 1864 condita.

560 1894 649 1928 254.
683 1891 868 1940 phylippo
896 1891 1071 1926 successit
1089 1890 1237 1927 Decius.

560 1953 754 1990 Cornelius
774 1965 883 2002 papa.
907 1952 974 1987 Hic
994 1951 1040 1987 de
1063 1950 1288 1988 catacumbis
1308 1950 1449 1987 levavit
1472 1963 1540 2000 per
1562 1959 1709 1986 noctem
1736 1961 1895 1998 corpora

508 2013 782 2064 apostolorum,
807 2021 843 2048 ct
866 2012 989 2062 posuit
1019 2012 1123 2048 Pauli
1148 2011 1299 2061 quidem
1332 2011 1393 2047 via
1422 2011 1568 2048 Ostensi
1596 2010 1660 2047 ubi
1689 2009 1895 2047 decollatus

510 2083 577 2120 est,
598 2075 697 2112 Petri
716 2083 840 2111 autem
855 2074 963 2120 juxta
981 2073 1104 2109 locum
1128 2072 1192 2109 ubi
1212 2073 1413 2109 crucifixus
1433 2081 1500 2111 est.

561 2139 652 2174 32:555.
684 2136 869 2172 Defuncto
888 2135 1024 2182 Decio,
1046 2135 1251 2184 imperator
1269 2134 1397 2172 Gallus
1418 2148 1501 2171 cum
1520 2134 1725 2171 Volusiano
1751 2133 1839 2169 filio.

562 2200 653 2237 0250.
685 2198 896 2234 Persecutio
921 2199 1019 2234 vlla.

564 2259 769 2296 Novatiana
788 2258 945 2296 heresis.

565 2322 653 2356 1257.
682 2324 831 2357 Mortuo
855 2320 964 2358 Gallo
986 2319 1160 2357 successit
1176 2319 1394 2356 Valerianus
1413 2332 1498 2355 cum
1517 2318 1688 2356 Gallieno
1708 2317 1804 2361 lilio,
1827 2316 1896 2354 sub

513 2380 648 2428 quibus
678 2382 871 2419 Cornelius
903 2394 1001 2431 papa
1031 2389 1067 2417 et
1100 2381 1296 2429 Cipi-ianus
1333 2381 1528 2430 episcopus
1569 2378 1747 2427 martyrio
1787 2390 1895 2414 coro-

514 2450 662 2478 uantur.

567 2505 702 2540 Lucius
721 2519 831 2554 papa.

568 2568 658 2602 232).
692 2566 899 2602 persecutio
922 2567 1036 2603 VIIF.

569 2628 657 2662 2151.
690 2627 899 2676 Stephanus
916 2640 1025 2677 papa.

571 2690 660 2725 265.
690 2687 817 2723 sttus
836 2701 933 2737 papa
951 2701 1035 2724 cum
1055 2685 1257 2724 Laurentio
1274 2685 1445 2725 diacono.
