2081 3408
224 280 358 329 [1134]
607 286 747 321 LIBER
775 283 977 321 TERTIUS
1006 282 1235 319 DECIMUS.
1576 283 1626 317 ‘23

220 364 347 425 genti
380 363 613 410 desiderio
640 365 1010 429 przestolabatur.
1041 362 1215 408 Obvias
1240 363 1397 426 itaque
1420 363 1628 410 christia-

220 457 393 485 nornm
432 441 687 504 phalanges
722 460 806 506 per
841 442 1002 487 devios
1038 441 1271 486 anfractus
1302 440 1360 486 ad
1395 441 1625 487 maritima

218 517 457 580 perduxit„
480 518 637 581 ibique
657 519 1008 566 multitudinem
1027 520 1395 563 Sarracenorum
1416 518 1626 581 opimam

217 595 410 656 captivis
449 605 494 640 et
538 596 698 659 spoliis
746 597 1109 642 clii-istianmum
1160 605 1437 640 onerantem
1486 612 1627 642 naves

217 670 418 729 invenit,
441 671 694 735 subitoque
720 690 860 737 super
886 690 989 729 6⁵05,
1012 673 1091 734 qui
1120 672 1180 716 nil
1209 671 1479 733 hujusmodi
1515 682 1628 719 tunc

215 747 592 810 suspicabantur,
625 751 754 795 irruit
778 787 788 804 ,
809 761 870 808 et,
900 750 958 795 de
984 749 1071 794 illis
1096 749 1239 794 nimia
1264 748 1389 793 crede
1411 760 1621 813 peracta,

214 824 291 869 irae
317 825 487 870 furenti
510 826 855 889 aliquantulum
880 826 1117 871 satisfecit.
1149 825 1214 869 lbi
1241 826 1371 870 navis
1395 826 1627 889 capitibus

213 901 578 948 christiamwum
609 915 777 950 onusta
803 914 923 960 erat,
952 920 1054 965 quae
1080 919 1157 948 rex
1188 903 1367 948 Buchar
1392 905 1511 966 patri
1538 922 1624 950 suo

212 981 307 1041 regi
348 981 508 1026 Africa?
551 999 634 1044 pro
678 982 948 1027 testimonio
1000 981 1203 1025 victoriae
1248 997 1340 1025 suae
1389 982 1620 1028 mittebat.

212 1057 433 1119 Captivos
465 1075 656 1120 quoque
681 1059 866 1103 circiter
891 1057 1212 1121 septingentos
1242 1066 1286 1101 et
1308 1057 1511 1119 insignes
1534 1075 1626 1105 ma-

212 1133 379 1178 nubias
403 1151 533 1179 vanae
557 1134 708 1179 laudis
733 1144 914 1180 amator
937 1133 1220 1179 destinabat.

275 1209 572 1257 Hildefonsus
609 1225 766 1257 autem
800 1229 905 1269 rex,
933 1221 984 1256 ut
1020 1228 1160 1275 supra
1193 1210 1373 1255 dictum
1416 1221 1510 1269 est,
1540 1214 1625 1258 Dei

209 1295 344 1346 nutu,
373 1298 566 1350 repente
598 1289 891 1352 supervenit,
915 1288 1130 1351 factaque
1153 1287 1311 1332 hostili
1337 1297 1511 1351 strage,
1536 1307 1623 1335 cae-

207 1380 368 1408 sorum
399 1365 552 1428 capita
578 1366 817 1411 sociorum
844 1365 1023 1429 rapuit,
1049 1375 1093 1410 et
1117 1365 1320 1410 ecclesiae
1346 1366 1430 1410 Dei
1464 1365 1622 1411 hono⁹

206 1439 334 1485 rifice
371 1441 637 1504 sepelienda
675 1442 898 1488 reddidit.
945 1443 1126 1505 Captivi
1166 1459 1304 1499 verO,
1331 1443 1411 1504 qui
1446 1443 1543 1505 jam
1575 1446 1621 1489 in

207 1516 408 1562 navibus
439 1518 583 1564 vincti
609 1520 854 1582 jacebant,
887 1521 1133 1583 strepitum
1164 1519 1424 1578 audientes,
1458 1521 1622 1568 oeulos

206 1594 508 1654 levaverunt,
536 1607 606 1655 et,
634 1597 847 1643 videntes
877 1597 1007 1660 quod
1033 1607 1197 1661 optare
1234 1614 1328 1642 non
1353 1597 1618 1657 audebant,

204 1672 510 1720 veliementer
534 1675 779 1721 exhilarati
798 1685 922 1721 sunt.
946 1675 1135 1721 Viribus
1155 1692 1347 1738 quoque
1369 1677 1620 1740 resumptis

205 1751 417 1797 alacriter
453 1753 646 1799 animati
684 1764 815 1812 sunt,
842 1764 903 1811 et,
941 1753 1208 1799 christianis
1248 1755 1294 1798 in
1328 1753 1483 1798 littore
1510 1770 1619 1800 cum

205 1829 469 1874 Sarracenis
492 1831 827 1893 pugnantibus,
847 1831 1034 1876 vincula
1057 1831 1260 1876 vicissim
1285 1831 1615 1889 absolverunt,

203 1920 257 1949 ac
295 1904 353 1950 ad
390 1905 653 1952 subsidium
687 1925 883 1953 suorum
922 1908 980 1953 de
1017 1908 1258 1970 puppibus
1283 1908 1614 1970 prosilierunt,

203 1983 496 2044 sumptisque
515 1983 838 2045 jugulatorum
859 1985 1001 2030 armis
1015 2020 1024 2037 ‚
1048 1984 1264 2029 ethnicos
1283 1985 1439 2029 adhuc
1456 2001 1617 2046 super·

202 2059 330 2104 stites
354 2060 641 2106 mortificare
667 2062 814 2106 moliti
841 2071 965 2107 sunt.
991 2062 1064 2106 Sic
1089 2062 1297 2124 tripudio
1322 2078 1615 2124 paganorum

202 2152 333 2181 versa
380 2137 479 2182 vice
514 2137 665 2183 luctus
704 2139 946 2196 successit,
991 2148 1035 2183 et
1073 2138 1326 2184 christiana
1359 2138 1531 2184 cohors
1567 2139 1612 2184 in

201 2214 382 2258 cunctis
409 2215 634 2277 operibus
665 2215 759 2260 suis
786 2218 938 2260 Deum
968 2214 1222 2260 benedixit.

266 2290 568 2336 Hildefonsus
588 2292 717 2336 fortis
742 2309 838 2349 reX,
859 2291 1101 2337 laboribus
1121 2301 1165 2336 et
1184 2291 1405 2337 aerumnis
1421 2291 1610 2351 fractus,

201 2367 342 2429 paulo
377 2378 482 2431 post
515 2370 781 2430 ccgrotavit,
810 2378 883 2425 et,
913 2369 955 2413 in
991 2368 1113 2414 lecto
1154 2368 1469 2425 decumbens,
1507 2379 1615 2431 post.

202 2453 310 2488 octo
344 2444 442 2490 dies
468 2446 676 2492 animam
704 2445 934 2491 exhalavit
960 2448 998 2507 (l
1021 2459 1046 2499 J.
1087 2449 1193 2502 Quo
1220 2446 1444 2491 defuncto
1462 2483 1472 2503 ,
1501 2445 1613 2507 quia

202 2520 351 2566 filium
384 2538 480 2567 non
512 2522 703 2580 habuit,
740 2523 945 2569 turbatio
986 2523 1044 2568 de
1069 2540 1337 2569 successore
1377 2523 1613 2586 subjectos

203 2643 1607 2656 ——————————-——-—-—..-.——--—-

249 2710 297 2757 (1)
326 2712 373 2745 La
389 2712 528 2746 bataille
545 2713 636 2747 avait
654 2727 696 2747 eu
715 2714 783 2748 lieu
799 2715 829 2748 le
851 2717 890 2747 17
905 2715 1034 2761 juillet3
1056 2716 1086 2749 le
1104 2716 1157 2749 roi
1179 2725 1321 2750 mourut
1337 2716 1503 2762 quelques
1518 2716 1616 2762 jours

201 2781 311 2815 apres.
