2081 3408
454 265 531 301 176
1024 264 1287 301 APPENDIX.

450 365 526 401 que
557 350 850 388 consuetudines
884 351 938 396 (1)
973 358 1046 386 tam
1076 351 1256 387 silvarum
1285 363 1397 400 quam
1429 350 1589 387 aliarum
1624 363 1751 387 rerum
1783 363 1857 399 que

452 421 541 449 tunc
570 411 806 449 debebantur
826 411 879 448 illi
900 411 937 448 in
968 412 1114 448 Escaifo
1140 421 1176 449 ct
1202 412 1239 448 in
1271 411 1487 448 Mostariolo
1515 420 1626 461 atque
1652 412 1689 448 in
1716 415 1854 462 Sappo.

452 478 584 512 Postea
618 484 743 511 autem
778 473 882 511 dedit
911 474 1100 510 Robertus
1124 474 1441 524 Helgoni5111ins,
1467 473 1791 511 consencientibus
1823 484 1860 513 et

451 536 753 574 condonantibus
774 536 854 582 ejus
879 535 1041 572 dominis
1056 536 1246 572 Willelrno
1267 544 1380 585 atque
1399 535 1564 573 Roberto
1578 565 1587 582 ,
1606 550 1690 573 cum
1712 537 1795 573 filiis
1818 550 1862 574 ae

451 599 653 649 nepotibus
682 611 812 635 eorum
831 627 840 643 ‚
863 598 1059 634 ecclesiam
1084 597 1200 634 sancti
1230 597 1380 633 Martini
1395 600 1470 645 (⁶12),
1493 607 1530 635 et
1555 599 1591 635 in
1614 599 1747 636 eodem
1777 599 1860 635 loco

453 671 590 699 terram
610 660 809 711 presbiteri
829 674 915 697 cum
943 660 1016 698 alia
1036 668 1134 697 terra
1154 662 1240 696 VIII
1259 672 1501 696 carrucarum
1514 689 1523 706 ‚
1551 673 1663 710 quam
1689 669 1862 698 emerunt

456 724 631 761 monachi
666 723 873 774 supradicti
904 723 976 760 loci
1007 736 1083 759 non
1110 721 1259 759 modico
1294 722 1434 772 precio.
1470 723 1738 759 Monasterium
1768 737 1861 760 vero

454 787 500 824 de
521 790 621 837 Sapo
644 786 795 823 Andree
817 798 903 823 cum
923 794 1021 822 terra
1043 784 1244 836 presbiteri
1269 792 1305 820 et
1331 783 1570 821 medietatem
1591 792 1689 822 terre
1716 799 1782 822 sue
1807 787 1860 832 (3)

456 849 575 886 tocius
609 848 713 886 ville.
748 848 869 898 Igitur
907 856 1106 898 postquam
1138 847 1208 883 Dei
1237 845 1400 883 donante
1435 847 1554 897 gratia
1585 856 1640 883 est
1668 846 1862 883 ordinatus

454 911 615 962 predicti
645 909 793 948 cenobii
829 909 1087 948 Theodericus
1116 908 1233 946 abbas
1254 909 1342 946 emit
1364 909 1443 959 ipse
1461 908 1508 945 ab
1540 908 1705 945 Ernaldo
1730 908 1864 958 prefati

456 973 634 1011 Willelmi
661 973 761 1019 filio,
797 972 1061 1009 consenciente
1098 970 1264 1007 Roberto
1303 984 1370 1008 suo
1407 971 1598 1008 avunculo
1634 980 1670 1008 et
1706 970 1864 1017 jubente

455 1036 592 1073 comite
614 1036 805 1073 Willelmo
831 1044 970 1072 terram
999 1034 1046 1071 de
1066 1034 1313 1080 Bate-lienem,
1345 1035 1440 1072 sicut
1467 1042 1640 1071 tenuerat
1671 1033 1864 1070 Baldricus

456 1099 535 1146 ejus
565 1098 713 1135 comitis
748 1098 937 1135 arcearius
958 1099 1024 1144 (Ji).
1060 1099 1104 1132 Et
1131 1105 1275 1146 partem
1304 1105 1402 1133 terre
1430 1096 1578 1133 Escalso
1605 1109 1679 1146 que
1709 1104 1764 1132 est
1796 1096 1865 1132 sita

458 1161 556 1198 inter
575 1161 767 1197 Tolketam
789 1169 824 1197 et
844 1159 1085 1198 Carintonam
1107 1168 1142 1196 et
1161 1162 1341 1196 Exartum
1376 1159 1544 1198 Henrici.
1570 1162 1723 1196 Necnon
1752 1159 1864 1196 etiam

457 1223 652 1260 ecclesiam
682 1231 807 1260 sancte
833 1223 950 1259 Mario
983 1235 1004 1258 a
1040 1221 1255 1271 supradicto
1276 1222 1333 1275 (ὃ)
1356 1220 1515 1257 cenobio
1547 1221 1670 1270 prisco
1696 1229 1865 1271 tempore

459 1294 713 1322 constructam
743 1285 978 1335 comparavit
999 1283 1119 1320 isdem
1140 1283 1255 1320 abbas
1284 1296 1305 1319 a
1331 1283 1414 1319 filiis
1434 1282 1584 1320 Rodulfi
1613 1292 1866 1333 cognomento

459 1348 624 1385 Fraisnel
640 1348 771 1385 decem
788 1356 823 1384 et
842 1356 925 1384 octo
943 1346 1062 1392 libris,
1086 1346 1181 1383 sicut
1201 1353 1372 1382 tenuerat
1385 1358 1466 1382 eam
1488 1345 1639 1395 quidam
1659 1346 1865 1383 monachus

459 1411 614 1448 nomine
649 1410 847 1457 Placidus,
883 1409 1146 1447 consenciente
1177 1407 1368 1444 Willelmo
1402 1407 1562 1444 Osberni
1600 1408 1689 1446 filio.
1730 1408 1865 1445 Omnia

461 1486 552 1522 ergo
587 1473 812 1509 monasteria
848 1485 921 1521 que
954 1471 991 1507 in
1018 1478 1202 1521 potestate
1237 1482 1303 1506 sua
1335 1468 1498 1506 habebat
1519 1469 1731 1506 W'illelmus
1757 1469 1867 1506 heres

462 1533 669 1583 supradicti
689 1534 882 1578 Willelmi,
915 1541 1104 1570 annuente
1125 1532 1265 1569 Geroio
1286 1532 1399 1568 fratre
1420 1531 1500 1579 ejus
1523 1546 1565 1568 ac
1594 1532 1763 1583 cognatis
1788 1532 1868 1579 ejus

465 1595 642 1633 videlicet
656 1597 795 1633 Geroio
813 1605 924 1645 atque
939 1595 1108 1642 Fulcoio,
1124 1594 1470 1631 tribuitmemorato
1486 1595 1583 1639 loco,
1601 1603 1752 1644 accepta
1764 1593 1867 1631 haud

463 1657 611 1695 modica
635 1657 797 1708 pecunia
822 1657 869 1694 ab
902 1657 1037 1694 abbate
1066 1658 1196 1707 prefati
1218 1656 1380 1703 cenobii,
1408 1671 1455 1693 ex
1478 1656 1614 1706 quibus
1642 1670 1758 1693 unum
1788 1665 1869 1694 erat

462 1719 574 1756 situm
596 1720 634 1757 in
656 1720 745 1756 villa
767 1733 841 1769 que
869 1719 1007 1756 dicitur
1027 1719 1176 1756 Maisnil
1200 1722 1357 1756 Bernart
1378 1719 1415 1755 in
1434 1719 1620 1756 honorem
1641 1719 1759 1755 sancti
1780 1719 1867 1756 Sul-

461 1782 569 1832 picii‚
602 1782 760 1819 aiterum
788 1795 882 1818 vero
916 1782 954 1818 in
984 1782 1168 1819 honorem
1199 1781 1315 1818 sancti
1344 1781 1567 1832 Leodegarii
1600 1781 1637 1818 in
1666 1781 1865 1827 Roilvilla,

462 1843 579 1880 aliurn
599 1852 724 1881 autem
750 1845 788 1880 in
818 1843 967 1881 Moenai
994 1852 1211 1893 terramque
1234 1843 1409 1890 Roberti‚
1438 1857 1555 1880 unum
1582 1843 1692 1879 etiam
1712 1842 1759 1880 de
1781 1845 1869 1879 Ter-

460 1913 552 1941 nant
584 1908 659 1953 (6),
688 1914 724 1942 et
742 1906 779 1942 in
799 1908 920 1942 Exarz
940 1918 1056 1942 unum
1078 1905 1115 1941 in
1136 1906 1321 1942 honorem
1343 1905 1459 1942 sancti
1488 1905 1607 1952 Pctri3
1629 1905 1667 1941 in
1688 1905 1868 1956 Algerum

461 1980 579 2004 unum
619 1969 733 2005 etiam
772 1981 857 2004 cum
906 1976 982 2005 tota
1013 1968 1104 2004 villa
1139 1972 1212 2016 (Τ),
1240 1976 1276 2004 et
1320 1968 1358 2004 in
1396 1971 1490 2005 Bosc
1528 1967 1692 2005 Hei-bert
1732 1981 1864 2004 unum.

462 2028 609 2066 Deinde
630 2032 682 2076 (8)
704 2029 916 2066 Willelmus
938 2029 984 2066 de
1008 2032 1103 2067 Pont
1128 2030 1379 2067 Herchensret
1405 2030 1551 2080 prefato
1578 2028 1736 2067 cenobio
1766 2028 1869 2066 dedit

470 2141 1865 2148 -.ψῃ-*ᾖ

557 2208 568 2254 )
596 2210 624 2241 Α
641 2210 778 2240 omnium
798 2205 1073 2240 consuetudinum.

584 2267 611 2297 A
630 2267 746 2311 ajoute
766 2277 773 2299 :
793 2277 851 2311 que
871 2265 933 2296 sita
951 2271 997 2296 cst
1014 2263 1261 2309 supcrfluvium
1281 2263 1436 2298 l‘naiolii,

511 2377 542 2421 (4
586 2378 865 2419 Asai-chacanus.

512 2434 562 2476 (3)
590 2435 613 2464 A
634 2435 664 2465 ἱη
679 2433 839 2479 predicto.

515 2489 557 2536 (G)
588 2491 649 2522 Les
667 2499 754 2522 mols
777 2499 923 2536 tert-amq.
943 2494 1006 2529 R.‚·
1024 2503 1053 2523 ιι.
1074 2503 1101 2523 e.
1127 2488 1161 2521 (l.
1184 2492 1343 2527 Ternant,
1369 2500 1412 2520 nc
1430 2496 1505 2520 sont
1532 2500 1592 2533 pas
1609 2486 1693 2521 dans
1711 2488 1760 2529 A;
1785 2486 1824 2520 ils
1843 2499 1865 2532 y

466 2555 542 2579 sont
560 2547 748 2590 reinpluccs
763 2559 826 2591 par
846 2546 984 2579 ceux-ci
1006 2559 1012 2580 2
1034 2548 1065 2578 in
1085 2545 1204 2577 honore
1227 2552 1336 2576 sancte
1356 2545 1471 2576 Mat-ie.

516 2605 561 2647 (7)
588 2604 638 2634 Au
657 2603 722 2634 lieu
743 2602 785 2634 dv
808 2605 900 2634 etiam
918 2617 947 2635 c.
967 2611 990 2635 t.
1010 2602 1093 2644 willa,
1116 2604 1143 2633 A
1161 2610 1260 2647 porte
1284 2615 1289 2635 z
1310 2602 1340 2633 in
1364 2601 1483 2632 honora
1505 2602 1608 2632 sancti
1622 2600 1781 2646 Aquilitzi.

514 2660 561 2704 (8)
588 2660 640 2690 Au
664 2659 732 2690 lieu
749 2658 790 2690 dc
809 2660 835 2691 ia
862 2660 984 2703 phrase
1002 2658 1125 2690 Deitzdae‘
1151 2684 1220 2692 .....
1245 2658 1454 2697 monasteria,
1480 2659 1507 2689 A
1528 2665 1626 2701 porte
1651 2668 1656 2689 :
1678 2659 1740 2687 [lec
1759 2657 1865 2687 omnia

467 2716 612 2756 libenter,
632 2728 692 2761 pra
710 2714 922 2761 redmnpxione
948 2717 1124 2747 (ιιιὶηιιινιιηι
1152 2727 1299 2755 suarum,
1324 2728 1392 2745 rum
1414 2713 1555 2745 omnibus
1578 2713 1706 2744 decimis
1726 2720 1756 2743 et
1773 2713 1865 2743 terris
