2081 3408
746 255 1009 293 APPENDIX.
1499 259 1517 294 1
1527 258 1574 295 79

184 339 350 387 ejusdem
370 340 463 386 loci,
492 340 716 391 eligentibus
740 341 908 379 Roberto
929 351 1044 392 atque
1062 342 1251 380 Willelmo
1271 343 1350 390 ejus
1369 345 1578 395 avunculo,

183 405 323 441 scilicet
350 404 659 442 constitutoribus
682 404 798 455 ipsius
831 406 924 451 loci,
954 406 1111 455 aliisque
1142 405 1354 454 monachis,
1384 406 1585 446 ordinante

182 466 431 503 Lisiocacensi
453 469 613 517 Hugone
635 467 813 517 episcopo
827 499 835 515 ‚
855 469 920 517 qui
938 467 1010 504 hoc
1029 469 1138 505 etiam
1157 481 1202 505 ex
1219 481 1285 504 sna
1304 477 1424 519 parte,
1447 478 1488 506 ut
1508 478 1582 507 tam

180 527 259 577 ipse
291 541 405 577 quam
435 528 491 565 sui
523 542 756 566 successores
788 529 988 580 participes
1019 530 1090 567 sint
1118 530 1289 567 beneficii
1314 530 1472 581 predicti
1492 531 1581 579 loci,

180 590 392 636 constituit,
423 590 452 627 si
479 591 558 641 ipse
586 591 789 641 aliquando
820 591 877 628 vel
913 592 992 638 ejus
1022 605 1255 629 successores
1283 606 1395 630 causa
1424 593 1583 641 alicujus

178 664 255 688 non
276 660 375 689 recte
397 653 604 689 occasionis
621 652 794 690 abbatem
817 654 993 691 ordinare
1012 655 1219 700 renuerint,
1242 655 1325 691 iilos
1343 664 1584 705 perrecturos

178 712 225 750 ad
247 727 523 764 quemcumque
544 715 767 761 maluerint,
786 716 1026 753 audientibus
1044 716 1209 754 Roberto
1226 718 1353 755 Geroii
1372 719 1469 767 filio,
1488 721 1583 756 Her-

177 775 292 812 naldo
312 776 578 826 Willelmoque
597 777 797 827 nepotibus
810 809 818 824 ‚
839 780 1000 829 Hugone
1021 778 1132 815 etiam
1149 780 1214 828 qui
1233 781 1414 827 majorem
1434 789 1580 831 partem

178 838 428 887 possessionis
455 838 623 885 ejusdem
652 839 723 875 loci
749 838 897 884 tribuit,
920 848 1033 889 atque
1053 841 1164 877 etiam
1184 841 1253 878 hec
1272 841 1580 883 concedentibus.

178 902 222 936 Et
244 914 313 952 ego
334 902 585 951 possessiones
608 916 699 952 quas
719 901 925 949 Robertus,
948 911 1016 939 etc.

229 971 320 1000 Acta
343 964 494 1015 publice
511 965 547 1001 in
571 965 665 1001 saltu
685 964 822 1001 Leonis
836 996 845 1012 ‚
876 964 912 1000 in
933 964 1016 1001 loco
1037 964 1101 1013 qui
1123 964 1259 1002 dicitur
1279 966 1418 1002 flumen
1439 966 1579 1014 Loiris‚

176 1034 262 1062 ante
282 1028 456 1063 Santtum
478 1027 721 1076 Dyonisium‚
744 1039 845 1063 anno
865 1025 912 1063 ab
931 1026 1189 1064 incarnatione
1208 1028 1360 1064 Domini
1380 1029 1581 1066 millesimo

181 1088 515 1139 quinquagesimo,
540 1098 670 1139 epacta
696 1097 819 1135 sexta,
843 1097 1109 1125 concurrentes
1138 1097 1300 1138 septem,
1323 1089 1416 1126 seria
1440 1091 1554 1128 tercia
1571 1121 1582 1140 ,

177 1149 265 1186 luna
287 1150 416 1198 quinta
436 1152 509 1197 (1),
532 1162 622 1200 rege
645 1149 810 1186 Henrico
830 1157 980 1186 strenue
1000 1157 1135 1200 agente
1150 1150 1190 1186 in
1210 1149 1379 1199 sceptris.

229 1211 337 1258 Quod
371 1219 495 1247 autem
528 1210 574 1247 de
609 1211 845 1248 ordinatione
877 1210 1021 1247 abbatis
1050 1211 1087 1247 in
1116 1210 1273 1248 arbitrio
1305 1211 1580 1250 monachorum

175 1285 255 1310 esse
279 1273 452 1323 superius
469 1273 652 1319 diximus,
677 1274 781 1310 omni
807 1272 1072 1310 observatione
1098 1281 1211 1322 atque
1237 1272 1306 1310 sub
1338 1273 1507 1310 omnium
1542 1274 1581 1311 in

178 1334 325 1373 Christo
359 1334 525 1372 fidelium
555 1335 791 1372 execratione
819 1334 1050 1385 precipimus
1078 1345 1119 1371 ut
1145 1334 1192 1372 ab
1219 1335 1314 1381 illis,
1345 1348 1422 1372 non
1453 1335 1582 1386 aliqua

175 1397 314 1444 injusta
347 1397 517 1435 amicicia
545 1397 754 1449 corruptis,
786 1397 915 1448 regule
941 1397 1165 1435 institutoris
1190 1406 1413 1449 preceptum
1446 1397 1580 1436 obser-

171 1468 294 1497 vetur.

228 1528 449 1575 Postquam,
467 1528 548 1563 Deo
565 1525 742 1571 donante,
762 1524 962 1562 cenobium
977 1523 1094 1561 sancti
1109 1522 1225 1575 patris
1239 1523 1383 1561 Ebrulfi
1399 1532 1584 1562 restaura-

172 1596 250 1624 tum
280 1597 334 1625 est
361 1602 382 1625 a
407 1587 599 1625 Willelmo
627 1595 664 1624 et
688 1585 855 1623 Roberto
880 1586 1009 1624 Geroii
1040 1586 1124 1623 tiliis
1154 1594 1189 1623 et
1218 1585 1420 1637 nepotibus
1451 1599 1583 1624 eorum

169 1652 330 1701 Hugone
351 1650 397 1687 de
419 1649 710 1688 Grentemaisnil
737 1658 773 1686 et
797 1647 965 1686 Roberto
988 1649 1103 1685 fratre
1124 1648 1222 1696 ejus,
1245 1657 1455 1685 statuerunt
1474 1662 1581 1686 com-

168 1713 274 1748 muni
298 1711 477 1758 consilio,
501 1709 756 1748 annitentibus
787 1723 913 1748 secum
935 1719 971 1747 et
991 1709 1319 1747 consencientibus
1339 1710 1424 1748 filiis
1450 1723 1582 1748 eorum

169 1783 205 1812 et
219 1773 420 1824 nepotibus
441 1782 477 1811 et
497 1772 673 1810 omnibus
694 1773 863 1823 ipsorum
883 1772 1091 1810 baronibus
1111 1785 1159 1809 ne
1179 1772 1314 1822 aliquis
1331 1785 1462 1809 eorum
1482 1772 1584 1809 deci-

169 1849 268 1873 mam
289 1844 352 1873 aut
372 1835 565 1872 ecclesiam
591 1835 670 1872 sive
691 1835 857 1884 aliquam
882 1835 993 1872 aiiam
1013 1847 1091 1871 rem
1114 1847 1188 1884 que
1208 1834 1255 1870 ad
1278 1834 1471 1871 ecclesiam
1490 1846 1582 1883 per-

169 1898 284 1935 tineat
303 1897 440 1935 alicubi
464 1897 570 1934 daret
589 1897 661 1934 nisi
683 1896 944 1933 tantummodo
971 1897 1008 1933 in
1038 1896 1107 1932 isto
1128 1896 1213 1932 loco
1231 1909 1302 1933 nec
1327 1908 1366 1932 se
1390 1895 1511 1945 ipsum
1539 1894 1578 1931 in

169 1973 237 1996 suo
255 1960 328 1996 fine
352 1961 405 2005 (ΕΖ)
422 1959 492 1995 nisi
512 1959 550 1995 in
573 1958 644 1994 isto
665 1958 891 1995 concederet
911 1958 996 1994 loco
1017 1970 1101 1993 cum
1125 1965 1200 1994 tota
1220 1966 1327 2006 parte
1351 1957 1408 1993 sui
1429 1969 1577 1993 census.

169 2021 279 2070 Quod
304 2021 333 2058 si
353 2020 488 2070 aliquis
511 2019 557 2056 de
578 2019 650 2055 illis
675 2019 789 2056 vellet
808 2019 975 2056 vendere
993 2018 1175 2056 decimam
1200 2027 1264 2056 aut
1284 2018 1476 2055 ecclesiam
1499 2017 1578 2054 sive

167 2097 247 2121 rem
274 2096 347 2132 que
368 2081 415 2118 ad
442 2081 634 2118 ecclesiam
654 2080 863 2130 pertineat,
885 2081 989 2130 prius
1014 2080 1052 2116 in
1084 2080 1155 2116 hoc
1182 2080 1264 2116 loco
1293 2092 1404 2130 quam
1435 2078 1574 2116 alicubi

166 2145 410 2184 vendendum
438 2144 612 2190 osserl’et3
641 2143 670 2179 si
696 2142 747 2179 ibi
775 2143 915 2193 emptio
941 2143 1021 2190 ejus
1050 2142 1294 2192 reciperetur,
1323 2140 1428 2177 nullo
1457 2140 1572 2177 modo

164 2212 246 2250 aliis
266 2211 410 2248 valeret
431 2209 618 2256 vendere,
650 2207 680 2245 si
702 2220 793 2245 vero
823 2207 876 2244 ibi
901 2207 1046 2244 nollent
1073 2219 1221 2253 emere,
1252 2215 1340 2243 tunc
1367 2205 1433 2243 ubi
1457 2205 1572 2243 vellet

163 2274 262 2320 licite
281 2280 407 2324 posset
428 2270 608 2308 vendere.

217 2336 371 2386 Signum
386 2332 566 2371 Willelmi
580 2329 852 2368 Northmannie
867 2329 994 2380 magni
1013 2329 1205 2380 principis.
1225 2329 1382 2381 Signum
1397 2327 1568 2380 Malgerii

164 2396 449 2448 archiepiscopi.
472 2395 628 2447 Signum
649 2393 828 2431 Wiltelmi
847 2391 1083 2429 Ebroicensis
1104 2392 1281 2443 episcopi.
1306 2392 1463 2443 Signum
1486 2393 1567 2428 Hu-

162 2512 1553 2531 --.-—-——--————--————-——-——·

211 2606 261 2653 (1)
290 2608 336 2639 Le
351 2606 396 2639 ⁹23
419 2604 610 2650 septembre
632 2611 679 2635 est
700 2603 731 2635 le
752 2601 824 2634 seul
848 2599 958 2633 mardi
984 2598 1027 2632 de
1046 2599 1180 2633 l'annee
1202 2600 1301 2643 1050,
1319 2598 1378 2644 qui
1398 2599 1443 2632 ait
1461 2602 1560 2632 coin-

166 2663 242 2697 cide
259 2675 340 2697 avec
356 2663 386 2695 le
404 2665 436 2695 b*
450 2663 530 2707 jour
547 2659 595 2693 du
612 2659 698 2692 mois
715 2657 861 2692 lunaire.

214 2719 262 2765 (⁶2)
290 2719 337 2752 Le
353 2730 416 2751 nis.
434 2726 533 2763 porte
547 2717 627 2748 sine.
