2081 3408
490 268 563 304 188
1057 266 1307 302 APPENDIX

486 355 582 391 eima
602 367 676 404 que
696 353 741 390 ad
767 365 853 390 eum
874 353 1110 403 pertinebat,
1136 363 1211 391 tam
1236 355 1282 392 de
1304 354 1472 392 dominio
1498 368 1566 392 suo
1587 368 1698 405 quam
1721 354 1767 392 de
1786 364 1886 394 terra

487 416 682 452 hominnm
706 428 875 451 suorum.
902 418 981 452 Hoc
1011 416 1096 451 secit
1125 416 1236 453 laude
1257 425 1291 452 ct
1316 417 1471 453 consilio
1491 416 1674 453 baronum
1697 431 1850 454 suorum
1875 433 1883 454 :

487 478 594 514 Alain
613 480 739 521 Percr,
755 476 907 521 Amiun,
926 477 1117 520 Joscelini,
1135 478 1288 514 Geroldi
1308 479 1354 515 de
1374 479 1558 524 Ciresails,
1577 489 1611 516 et
1629 479 1717 529 ipsis
1734 479 1888 516 testibus

488 539 558 575 hoc
583 538 766 583 firmavit3
788 538 847 574 isti
868 546 977 575 testes
993 537 1038 574 dc
1053 551 1119 575 sua
1141 548 1268 588 parte3
1288 553 1332 576 ex
1353 550 1457 589 parte
1475 541 1589 577 sancti
1612 541 1753 577 Ebrulli
1780 549 1889 578 testes

489 600 639 636 suerunt
670 599 852 635 Radulsus
891 598 1051 649 dapifer,
1085 602 1196 649 Hugo
1231 599 1276 636 de
1311 603 1444 637 Sancta
1469 602 1602 647 Maria,
1636 604 1747 652 Hugo
1776 602 1822 638 de
1854 602 1889 640 la

487 660 639 705 Lauda,
672 661 897 697 Guillelmus
926 661 972 697 de
1003 661 1311 707 Dambleinvilla,
1336 661 1549 699 Rodbertus
1580 663 1677 700 lilius
1709 663 1888 710 Rainerii‚

487 722 716 760 Ansclierius
735 723 831 759 filius
850 723 1070 760 But-eliardi.
1095 725 1254 773 Propter
1272 723 1345 760 lioc
1363 724 1505 774 accepit
1521 738 1542 761 a
1562 724 1754 762 monachis
1773 725 1891 762 sancti

488 785 628 821 Ebrulfi
662 794 802 835 septem
831 784 944 821 libras
976 785 1295 836 rotomagensium
1331 785 1572 823 denariorum
1606 794 1641 823 et
1676 799 1742 823 sex
1777 787 1891 824 libras

488 847 861 885 cenomannensium.
898 847 1054 897 Signum
1099 847 1237 883 Alaini.
1281 847 1437 899 Signum
1481 848 1589 885 Goeli
1630 848 1758 885 uxoris
1794 848 1887 895 ejus.

489 909 644 960 Signum
668 910 848 947 Rodberti
870 910 935 946 filii
956 910 1026 946 sui.
1051 909 1206 961 Signum
1231 910 1417 960 Alberede
1438 911 1513 961 filie
1534 923 1615 960 sue.

543 974 623 1008 Hoc
644 972 825 1009 concessit
852 971 1032 1008 Ricardus
1062 972 1158 1009 filius
1184 973 1330 1009 Torouf
1353 972 1416 1021 qui
1441 972 1600 1009 eandem
1630 972 1823 1022 ecclesiam
1846 972 1893 1011 de

491 1032 610 1069 Alaim
642 1034 814 1081 tenebat,
836 1032 885 1070 'et
914 1032 1132 1070 Hamelinus
1159 1034 1256 1070 filius
1286 1034 1449 1071 Villelmi
1473 1034 1537 1084 qui
1560 1034 1605 1071 de
1629 1034 1711 1084 ipso
1731 1033 1894 1072 Ricardo

491 1094 608 1144 ipsam
633 1095 828 1144 ecclesiam
851 1103 1035 1132 tenuerat.

544 1159 629 1193 Post
647 1156 938 1206 suprascriptam
957 1157 1254 1203 concessionem,
1270 1157 1433 1207 quedam
1450 1156 1588 1193 semina
1609 1170 1706 1194 uxor
1724 1157 1896 1195 Durandi

492 1218 557 1255 filii
574 1220 796 1255 Nortmanni
818 1219 864 1255 de
885 1219 1180 1256 Dambleinvilla
1201 1228 1235 1256 et
1256 1220 1354 1256 filius
1375 1220 1454 1267 ejus
1475 1229 1744 1257 concesserunt
1762 1223 1829 1269 (1).
1848 1251 1857 1260 .
1872 1249 1879 1257 .

496 1310 1890 1322 οοοοοοοοοοοοοοοοοοοοοοοοοοοοοοοο

545 1353 665 1388 XXV.
696 1351 878 1388 Radulsus
909 1351 954 1389 de
986 1356 1175 1389 Drumara
1200 1361 1236 1389 et
1269 1354 1349 1400 ejus
1381 1353 1476 1389 filius
1507 1356 1679 1390 Herveus
1709 1352 1898 1390 dederunt

492 1421 619 1448 sancto
647 1412 802 1448 Ebrulfo
833 1413 1016 1450 decimam
1043 1413 1088 1450 de
1118 1413 1293 1450 omnibus
1317 1427 1391 1464 que
1414 1413 1603 1451 habebant
1630 1414 1668 1450 in
1693 1414 1897 1451 Danblcin-

493 1474 582 1510 villa
605 1483 640 1511 et
666 1475 703 1511 in
732 1475 880 1511 Maisnil
907 1484 943 1512 et
968 1490 1094 1512 coram
1122 1476 1278 1513 testibus
1309 1476 1491 1513 miserunt
1521 1476 1761 1513 donationem
1785 1489 1897 1527 super

494 1536 632 1582 altare,
649 1545 683 1573 et
699 1550 766 1586 pro
781 1537 851 1573 lioc
871 1537 1089 1574 habuerunt
1108 1537 1334 1574 beneficium
1356 1538 1441 1575 loci.
1465 1541 1590 1574 Testes
1615 1554 1621 1574 :
1644 1541 1770 1589 Drogo
1793 1551 1898 1588 pres-

493 1597 591 1634 biter
612 1597 657 1634 de
684 1600 818 1634 Sancto
844 1598 1041 1643 Nicliolao,
1070 1599 1307 1636 Hademarus
1335 1599 1520 1649 presbiter
1541 1600 1587 1636 de
1613 1603 1707 1636 Pont
1726 1600 1898 1636 Erchen-

495 1659 605 1705 fredi,
628 1660 838 1696 willelmus
859 1660 917 1696 del
940 1660 1095 1706 Noiher,
1116 1662 1286 1712 Tigerius
1308 1661 1354 1697 de
1376 1664 1469 1697 Pont
1490 1661 1752 1707 Erclienfredi,
1783 1662 1900 1698 Hive-

496 1721 595 1757 linus
619 1722 697 1768 ejus
727 1730 848 1771 pater,
877 1722 1024 1758 Witalis
1044 1722 1159 1758 homo
1186 1723 1338 1772 Tigerii‚
1373 1722 1612 1760 Isernbardus
1639 1723 1895 1769 senescalcus,

496 1784 705 1832 Raynerius
734 1784 939 1830 semeso-als,
964 1785 1167 1835 Ernegisus
1198 1786 1294 1821 lilius
1322 1785 1447 1832 Borel,
1474 1785 1677 1822 Rotbertus
1704 1785 1749 1822 de
1774 1788 1897 1822 Vuar-

497 1846 682 1891 leinvilla,
712 1846 896 1883 Ricardus
923 1847 1187 1892 marescalcus,
1212 1846 1459 1895 Haymericus
1483 1847 1580 1883 filius
1607 1851 1761 1893 Marses,
1793 1850 1897 1898 Ray-

496 1908 630 1944 naldus
651 1908 696 1944 de
717 1908 829 1958 Nigra
850 1911 973 1957 Aqua,
995 1908 1223 1945 Godefridus
1242 1908 1500 1959 sanguinator.

548 1972 687 2006 XXVI.
717 1970 948 2020 Drogolinus
980 1970 1077 2006 filius
1106 1970 1300 2021 Frogerii,
1343 1970 1519 2007 monachi
1557 1970 1734 2008 videlicet
1763 1970 1897 2019 nostri,

497 2030 637 2067 dimisit
654 2044 784 2068 omnes
806 2032 1013 2068 calumnias
1030 2045 1122 2081 quas
1146 2031 1303 2068 faciebat
1332 2040 1368 2068 et
1396 2033 1578 2069 concessit
1606 2046 1690 2069 cum
1720 2032 1797 2069 filio
1830 2046 1898 2070 suo

498 2093 682 2129 decimam
711 2106 815 2129 suam
850 2093 1014 2142 quietam
1053 2102 1089 2129 et
1124 2093 1281 2129 solidam
1315 2094 1411 2130 sicut
1448 2094 1604 2130 dederat
1638 2094 1739 2130 illam
1776 2095 1894 2144 prius.

497 2157 623 2192 Testes
660 2159 771 2205 Hugo
817 2154 862 2191 de
901 2157 1015 2205 SapO,
1056 2155 1265 2191 Bermodus
1303 2155 1400 2191 filius
1430 2155 1615 2192 Rodberti
1652 2156 1896 2203 mercatoris,

497 2217 681 2267 Rogerius
713 2217 810 2253 lilius
840 2217 1037 2267 Drogolini
1069 2217 1133 2266 qui
1165 2216 1296 2253 habuit
1326 2230 1443 2253 unum
1484 2216 1688 2254 sextarium
1719 2217 1898 2254 frumenti

498 2279 740 2329 (Drogolinus
764 2279 844 2325 ejus
877 2288 984 2328 pater
1013 2278 1141 2315 decem
1168 2279 1343 2324 solidos),
1371 2278 1610 2315 Isembardus
1639 2279 1895 2327 senescalcus,

499 2341 714 2377 Osmundus
745 2341 845 2377 dela
865 2340 1004 2385 Notlia,
1042 2340 1227 2390 Rogerius
1257 2341 1353 2376 lilius
1382 2340 1548 2377 Rainerii
1567 2369 1576 2386 ,
1607 2340 1810 2378 Rotbertus
1849 2341 1896 2379 de

499 2402 788 2449 Vuarleinvilla,
811 2401 1016 2439 Rotbertus
1035 2415 1153 2452 nepos
1175 2403 1346 2452 Hugonis
1367 2402 1507 2452 Magni.

552 2466 710 2500 XXVII.
741 2464 963 2502 Vuillelmus
990 2464 1088 2501 filius
1108 2465 1285 2514 Avesgoti
1320 2464 1423 2502 dedit
1449 2472 1578 2501 sancto
1612 2463 1769 2501 Ebrulfo
1797 2464 1896 2502 deci-

551 2657 596 2705 (1)
622 2657 668 2690 La
686 2657 733 2690 sin
752 2657 794 2689 (le
813 2666 897 2690 cette
915 2658 1028 2692 notice
1044 2666 1075 2691 et
1093 2658 1140 2690 les
1156 2657 1285 2690 notices
1302 2657 1532 2690 XIII-XXIV
1549 2657 1671 2690 etaient
1688 2669 1745 2689 sur
1766 2657 1796 2689 le
1811 2656 1897 2689 bout

504 2713 550 2747 du
569 2714 640 2746 rOlc
662 2713 719 2757 qni
738 2726 755 2746 a
773 2715 824 2746 cte
845 2713 967 2759 perdu.
995 2715 1041 2746 Le
1059 2720 1097 2746 11⁰
1112 2714 1213 2746 XXV
1231 2722 1262 2746 et
1280 2714 1325 2746 lcs
1341 2713 1492 2747 suivants
1509 2721 1584 2746 sont
1602 2726 1644 2746 au
1662 2712 1725 2746 dos
1742 2711 1790 2744 du
1809 2712 1895 2747 rele.
