2081 3408
453 318 474 339 c
1073 302 1244 341 NOTICE

455 399 568 432 veraci
585 398 790 444 egregioque
806 397 896 430 stillo
914 408 1074 442 promere
1093 396 1360 431 contenderunt.
1380 397 1460 439 Quo
1478 397 1553 442 jure
1571 396 1697 429 factum
1714 402 1762 427 est
1778 402 1814 426 ut
1827 401 1860 426 et

455 470 534 490 cum
560 457 643 502 ipsis
668 468 788 489 eorum
816 463 941 500 perstet
968 455 1134 488 memoria
1162 468 1265 489 omne
1286 469 1346 501 per
1371 468 1489 490 evum.
1514 455 1665 499 Dignum
1686 453 1787 498 plane
1805 460 1854 495 ut,

455 515 557 559 dum,
573 515 682 548 aliene
699 514 838 547 utilitati
856 514 1084 559 prospiciens,
1097 516 1253 560 preclara
1270 523 1424 547 veterum
1442 523 1533 559 gesta
1551 526 1728 546 recensere
1746 519 1856 552 curat,

453 574 611 617 laudem,
641 574 727 607 sicut
751 586 768 606 e
789 573 932 618 vestigio
950 574 1147 619 proborum
1164 574 1364 620 suggillator
1386 574 1571 606 hominum
1596 572 1807 606 calumniam
1826 579 1858 604 et

451 634 697 680 opprobrium,
714 633 851 668 referat.

498 694 675 734 Ceterum,
700 692 791 726 inter
809 705 867 726 eos
884 692 944 738 qui
962 691 1004 725 de
1022 693 1148 726 exactis
1164 693 1381 738 temporibus
1396 693 1576 726 historiam
1590 692 1722 726 affabre
1742 690 1857 725 edide-

448 762 542 797 runt,
558 766 662 795 unus,
681 753 873 786 multorum
889 752 985 786 haud
1003 752 1190 799 penitencie
1212 753 1429 786 auctoritatis
1442 753 1576 797 judicio
1601 753 1770 797 virorum⁷
1794 753 1856 785 ha-

447 811 582 844 bendus
597 812 692 845 venit
707 812 914 845 venerabilis
931 805 971 845 ac
987 812 1168 858 religiosus
1189 821 1286 858 pater
1302 812 1340 846 F.
1365 811 1552 845 Ordericus
1566 813 1700 852 vitalis,
1732 824 1856 844 mona-

448 872 534 904 chus
561 872 799 914 Ebrulsianus,
828 872 903 917 qui,
936 872 1027 906 circa
1060 884 1191 905 annum
1224 871 1365 904 Domini
1399 871 1606 904 milesimum
1631 872 1856 905 centesimum

448 930 772 976 quinquagesimum
797 944 917 977 agens,
936 932 979 964 ab
1006 930 1160 977 ejusdem
1184 930 1289 963 Verbi
1314 930 1554 963 incarnatione
1579 929 1623 963 ad
1649 943 1707 963 sue
1725 940 1858 964 senecte

448 989 634 1035 periodum
659 1002 767 1034 usque
792 990 934 1023 summis
956 990 1079 1036 vigiliis
1101 1002 1308 1034 summoque
1329 989 1469 1034 ingenio
1493 988 1682 1022 veridicam
1707 989 1857 1022 seriatim

447 1057 479 1082 et
496 1049 669 1082 succincte
683 1050 860 1082 contexuit
872 1062 911 1082 ac
928 1049 1088 1095 perduxit
1103 1049 1436 1094 chronographiam,
1449 1047 1668 1082 duodenario
1686 1049 1858 1082 librorum

446 1121 593 1141 numero
618 1109 801 1154 partitam,
829 1108 970 1154 dignam
988 1121 1131 1154 prorsus
1149 1121 1253 1153 quam
1285 1121 1345 1141 sua
1369 1108 1550 1153 posteritas
1569 1108 1721 1141 leelitare
1743 1107 1859 1141 discu-

446 1167 529 1212 piat.
560 1167 632 1200 Illis
661 1168 878 1212 potissimum
914 1180 976 1213 per
1006 1168 1094 1201 lianc
1126 1168 1320 1201 consullere
1345 1168 1464 1200 volens
1485 1167 1610 1212 quibus
1637 1168 1689 1199 vel
1718 1168 1858 1200 uberior

448 1226 618 1259 librorum
645 1228 747 1272 copia
772 1239 843 1260 non
867 1227 1042 1272 suppetit,
1069 1228 1119 1260 vel
1141 1226 1319 1273 profunda
1338 1227 1517 1272 prolixave
1534 1226 1719 1260 doctorum
1739 1228 1858 1261 rimari

448 1284 587 1318 fastidio
606 1287 668 1327 sit,
690 1286 773 1319 dum
789 1300 850 1332 per
864 1287 1035 1320 librorum
1053 1288 1287 1333 pluralitatem
1303 1287 1450 1333 sparsim
1465 1286 1593 1320 diffusa
1607 1288 1858 1333 compaginans

446 1344 540 1377 brevi
560 1344 679 1378 thomo
694 1346 900 1378 examussim
919 1345 1059 1378 collecta
1082 1354 1251 1379 annotare
1268 1358 1489 1391 summopere
1509 1344 1704 1379 desudavit.
1724 1347 1854 1387 Porro,

444 1404 481 1436 in
500 1404 567 1437 hoc
587 1414 618 1438 et
642 1405 675 1437 in
698 1405 931 1451 multiphariis
958 1405 1031 1438 aliis
1051 1407 1123 1450 ejus
1140 1405 1315 1450 opusculis
1331 1417 1396 1450 que
1413 1405 1587 1438 immensis
1601 1405 1856 1438 lucubrationi-

446 1463 510 1496 bus
523 1464 605 1497 scite
620 1465 857 1505 concinnavit,
872 1463 1006 1509 liquido
1017 1477 1203 1510 agnoscere
1218 1465 1295 1497 licet
1313 1472 1440 1509 quante
1456 1464 1633 1497 theosebio
1645 1476 1683 1497 ac
1699 1464 1858 1509 religiose

447 1521 637 1556 sedulitatis
653 1523 817 1557 exstiterit
835 1523 942 1555 homo
962 1523 1037 1563 ille,
1057 1522 1184 1555 divinis
1210 1531 1242 1555 et
1265 1523 1429 1556 humanis
1456 1521 1577 1555 studiis
1602 1531 1695 1555 totus
1722 1535 1858 1568 semper

446 1579 598 1614 intentus
617 1590 647 1614 et
673 1581 826 1626 quodam
850 1580 957 1615 modo
983 1582 1165 1627 absorptus
1180 1608 1188 1623 ‚
1211 1590 1247 1614 ut
1268 1594 1340 1614 non
1368 1590 1501 1614 tantum
1520 1582 1633 1614 coevis
1650 1590 1682 1614 et
1699 1591 1857 1615 contem-

446 1639 622 1684 poraneis,
636 1653 756 1673 verum
772 1641 872 1674 nobis
881 1653 1020 1685 quoque
1033 1641 1236 1685 sequacibus
1251 1640 1334 1682 suis,
1349 1641 1483 1673 boumn
1497 1640 1643 1674 odorem
1657 1649 1856 1687 etsaporem

447 1713 456 1729 ι
468 1710 526 1730 um
539 1699 675 1732 honore
695 1700 827 1745 spirare
844 1699 975 1733 desinat
993 1712 1188 1744 nunquam,
1204 1701 1245 1732 In
1264 1701 1411 1733 claustro
1425 1700 1608 1745 siquidem,
1623 1713 1685 1733 ceu
1699 1701 1734 1733 in
1747 1702 1857 1734 alvea-

448 1758 499 1790 rio
512 1758 605 1803 apis,
630 1760 718 1791 bene
735 1758 1003 1804 argumentandi
1019 1770 1146 1804 gnarus
1158 1786 1167 1801 ,
1199 1758 1352 1804 undique
1378 1760 1498 1800 mella,
1521 1759 1676 1803 undique
1694 1758 1858 1793 flosculos

446 1829 634 1862 congerere
657 1817 865 1851 indesinenti
883 1831 964 1851 cure
986 1819 1052 1863 ipsi
1070 1819 1152 1859 fuit3
1177 1819 1363 1863 pulei-irum
1391 1819 1455 1850 sihi
1474 1827 1505 1851 ct
1530 1818 1726 1864 jocundum
1748 1827 1856 1861 ratus,

446 1877 527 1921 quia
555 1878 647 1910 bona
671 1885 717 1910 est
735 1878 928 1922 negociatio
947 1877 1120 1922 sapientiae
1139 1878 1214 1910 Dei.
1238 1878 1437 1921 Enimvero,
1459 1878 1512 1910 cui
1533 1879 1596 1911 hec
1618 1877 1756 1911 libanda
1771 1905 1779 1920 ‚
1799 1878 1855 1910 cui

451 1934 644 1968 dedicanda
665 1937 771 1981 tnagis
795 1936 917 1969 decent
934 1949 1005 1969 non
1024 1936 1126 1969 video
1144 1949 1247 1981 quam
1264 1936 1547 1970 1·ev‹·r:·ndissi1ne
1570 1936 1801 1970 dominationi
1824 1945 1855 1970 et

450 1993 646 2037 paternitati
660 2002 716 2026 tue
732 2022 738 2035 ,
761 1994 816 2026 cui
834 1995 935 2027 etiam
951 1994 1126 2039 aptissime
1144 2007 1333 2039 congruere
1352 1994 1435 2027 illud
1455 1995 1641 2028 Esaianum
1655 1994 1698 2029 de
1717 1996 1855 2029 Christo

447 2051 698 2096 pro5nosticon
713 2051 892 2097 aggaudeo
908 2064 914 2086 t
935 2066 949 2084 α
964 2053 1156 2093 Calauium,
1177 2053 1237 2094 ait,
1251 2061 1418 2085 cassatum
1433 2066 1503 2085 non
1525 2061 1678 2086 conteret
1696 2068 1704 2096 3
1722 2053 1855 2098 lignum

450 2110 622 2155 fumigans
640 2123 712 2143 non
730 2111 935 2156 exstinguet.
960 2125 976 2141 ³)
1002 2111 1113 2156 Hujus
1139 2123 1219 2143 sane
1246 2111 1397 2144 vaticinii
1414 2124 1551 2145 comma
1568 2112 1665 2158 prius
1692 2112 1754 2144 tibi
1778 2114 1855 2158 jure

448 2169 670 2203 tribuendum
687 2183 810 2204 censeo
826 2197 835 2212 ,
851 2170 946 2215 quod
966 2183 1045 2203 cum
1071 2171 1106 2203 in
1129 2171 1312 2213 omnihus,
1334 2180 1407 2204 tum
1430 2172 1466 2204 in
1490 2185 1531 2205 eo
1550 2184 1688 2216 quoque
1704 2172 1856 2205 homun-

449 2229 549 2262 cione
566 2230 625 2274 qui
651 2239 683 2263 et
710 2230 860 2263 animam
890 2230 999 2275 ipsam
1024 2230 1087 2262 tibi
1109 2229 1230 2272 debet,
1257 2243 1275 2263 a
1298 2231 1421 2264 teneris
1448 2232 1629 2264 observare
1655 2243 1727 2264 non
1753 2231 1856 2264 fueris

447 2287 672 2334 ‹ledignatus3
694 2303 765 2323 non
783 2299 852 2323 tam
869 2290 1140 2335 vitilitigatorum
1164 2291 1236 2336 ejus
1255 2292 1428 2336 garrulam
1447 2291 1705 2324 insectationem
1718 2317 1726 2332 ,
1749 2303 1853 2334 quam

449 2349 528 2392 quia
547 2351 698 2382 calamus
722 2351 781 2395 (sic
804 2351 895 2383 enim
913 2359 1060 2383 vocatur
1082 2351 1115 2383 in
1140 2351 1310 2396 propheta
1336 2360 1367 2384 et
1392 2351 1428 2384 in
1448 2351 1643 2396 evangelio)
1670 2360 1699 2384 et
1717 2350 1853 2384 arundo

449 2407 613 2451 quedam,
633 2408 667 2440 id
681 2417 729 2442 est
746 2408 910 2449 caducus,
924 2409 1051 2454 fragilis
1062 2419 1092 2442 et
1104 2409 1227 2449 vietus,
1245 2419 1341 2452 esset,
1361 2410 1506 2443 comiter
1523 2408 1739 2455 expendens:
1759 2409 1854 2443 unde

449 2467 544 2499 illum
563 2468 666 2501 inrita
684 2478 849 2502 cassatum
874 2470 1032 2502 Minerva
1059 2468 1214 2502 funditus
1243 2470 1482 2515 confringere,
1509 2471 1575 2502 hoc
1601 2479 1667 2513 est,
1700 2470 1748 2502 uti
1766 2470 1858 2516 peri-

448 2540 562 2572 psema
581 2526 779 2571 quoddam,
797 2530 840 2561 ab
859 2531 975 2562 animo
997 2538 1057 2562 tuo
1073 2529 1237 2575 abjicere,
1258 2529 1411 2561 noluisti.
1430 2529 1612 2562 Invenitur
1625 2538 1656 2562 et
1674 2529 1855 2562 nihilomi-

448 2600 512 2619 nus
542 2588 712 2632 posterior
736 2601 814 2633 pars
836 2588 879 2621 de
897 2598 928 2621 te
951 2602 1036 2634 eque
1054 2588 1205 2621 veridice
1228 2589 1419 2630 intellecta,
1448 2589 1506 2633 qui
1528 2589 1657 2633 lignum
1681 2590 1854 2634 fumigans

447 2659 660 2690 nequaquam
679 2648 912 2691 exstinguere,
935 2648 993 2681 sed
1013 2648 1201 2681 accendere
1218 2648 1323 2692 magis
1338 2675 1344 2687 ,
1368 2647 1401 2680 id
1423 2656 1468 2680 cst
1489 2648 1686 2680 monasterii
1706 2648 1753 2680 tui
1773 2648 1854 2680 reli-

447 2705 585 2749 gionem
610 2708 811 2751 tepefactam
839 2716 867 2739 et
889 2708 959 2752 jam
983 2720 1069 2752 pene
1091 2708 1276 2752 collapsam
1297 2707 1421 2739 sarcire
1442 2707 1663 2751 multipharie
1684 2706 1849 2751 sategisti3

446 2772 481 2796 ut
497 2764 588 2797 illam
605 2765 687 2797 boni
699 2764 845 2810 pastoris
856 2777 976 2798 vocem
988 2774 1019 2798 et
1030 2774 1066 2798 tu
1078 2764 1193 2798 dicere
1205 2765 1314 2799 valeas
1327 2778 1333 2799 :
1348 2779 1366 2796 α
1378 2763 1482 2806 Quod
1497 2765 1643 2809 perierat
1655 2765 1827 2807 requiram
1840 2779 1848 2807 5
