2081 3408
460 283 535 320 180
1027 280 1290 316 APPENDIX.

458 369 565 421 gonis
584 365 833 405 Luxoviensis
852 365 1032 416 episcopi.
1056 366 1211 417 Signum
1228 365 1383 402 Roberti
1405 365 1515 413 hujus
1534 363 1677 401 cartule
1694 361 1856 400 auctoris

458 440 494 466 et
509 430 670 467 factoris.
686 428 839 477 Signum
858 427 1024 477 Hugonis
1040 427 1161 463 fratris
1181 428 1267 464 mei.
1286 427 1426 463 Odonis
1443 427 1606 477 episcopi
1625 424 1851 462 Baiocensis.

458 492 613 543 Signum
644 489 796 526 Rodulfi
824 489 999 526 Taxonis.
1032 488 1183 525 Ricardi
1213 488 1258 525 de
1288 489 1405 525 Belfo.
1441 489 1597 539 Signum
1626 486 1777 524 Ricardi
1809 486 1856 522 de

457 555 590 590 Sancta
608 551 820 589 Scolastica.
838 549 1019 587 Willelmi
1040 550 1086 586 de
1106 550 1363 587 Monstariolo.
1382 550 1537 600 Signum
1557 549 1711 587 Roberti
1733 548 1857 585 fratris

455 613 550 660 ejus.
573 614 730 664 Signum
756 612 907 649 Rodulfi
933 611 1102 659 ejusdem
1130 611 1268 649 fratris.
1297 611 1474 648 Willelmi
1501 612 1658 662 predicti
1676 609 1858 648 Willelmi

457 675 537 714 filii.
561 675 718 726 Signum
738 673 937 711 Hernoldi.
961 674 1116 724 Signum
1136 672 1274 710 Girois.

510 738 679 776 Chartul.
700 740 739 776 S.
763 736 930 785 Ebrulfi‚
953 743 978 773 t.
1000 739 1040 781 1,
1063 748 1104 773 n.
1127 736 1190 772 15.

1090 985 1140 1027 IV
1170 991 1237 1036 (1).

852 1143 999 1173 CHARTA
1028 1142 1192 1172 RADULFI
1220 1142 1269 1172 DE
1297 1141 1473 1172 CONCfflS.

1083 1260 1125 1292 (C.
1149 1259 1241 1293 1050.)

513 1388 592 1436 Ego
618 1383 801 1421 Radulfus
825 1382 871 1420 de
897 1382 1072 1427 conchis,
1107 1382 1205 1419 filius
1236 1383 1389 1433 Rogerii
1414 1382 1460 1419 de
1487 1383 1645 1429 Toneio,
1685 1381 1864 1420 omnibus

461 1446 679 1484 hominibus
709 1446 882 1483 salutem.
922 1444 1019 1491 Quia
1066 1444 1104 1481 in
1133 1444 1362 1491 adjutorium
1400 1445 1557 1481 Ernaldi
1591 1445 1637 1482 de
1675 1445 1864 1482 Escliauso

459 1510 655 1547 extiteram
671 1539 680 1553 ,
737 1509 827 1545 dum
877 1507 1041 1558 burgum
1086 1506 1231 1543 abbatis
1276 1507 1462 1544 Mainardi
1504 1516 1540 1544 et
1589 1507 1863 1545 monachorum

461 1573 584 1609 Sancti
607 1571 752 1608 Ebrulfi
775 1569 1009 1615 incenderet,
1041 1582 1131 1619 ego,
1164 1568 1306 1605 eisdem
1327 1568 1453 1606 abbati
1471 1578 1506 1606 et
1528 1569 1722 1606 monachis
1744 1570 1867 1607 facere

462 1634 595 1671 volens
629 1632 921 1677 rectitudinem,
963 1644 1077 1681 super
1109 1630 1226 1666 altare
1258 1631 1410 1668 illorum
1443 1631 1702 1668 vadimonium
1741 1645 1866 1669 meum

466 1696 575 1746 posui
598 1705 635 1732 et
661 1695 754 1732 duas
780 1695 980 1730 vinearum
999 1692 1225 1742 agripennas
1247 1705 1339 1741 quas
1362 1693 1462 1742 apud
1482 1694 1663 1730 Toneium
1682 1692 1799 1730 habui
1820 1693 1867 1730 ad

463 1770 571 1793 usum
591 1757 785 1793 missarum
808 1756 845 1792 in
866 1763 1086 1805 perpetuam
1108 1754 1369 1797 elemosinam,
1387 1768 1456 1804 pro
1477 1755 1597 1791 salute
1618 1768 1715 1800 mea,
1739 1765 1868 1792 sancto

463 1817 620 1854 Ebrull'o
638 1818 738 1854 dedi.
763 1816 937 1855 Concessi
959 1816 1070 1853 etiam
1091 1815 1231 1852 eisdem
1252 1815 1433 1864 quicquid
1454 1816 1555 1866 apud
1584 1816 1867 1853 Garnenvillam

464 1880 596 1927 habui,
621 1880 763 1917 scilicet
783 1889 921 1916 terram
945 1892 988 1916 ac
1008 1878 1184 1924 boscum3
1206 1887 1394 1927 preterea,
1414 1887 1488 1914 tres
1504 1878 1669 1928 hospites
1687 1893 1694 1914 ε
1717 1878 1754 1914 in
1774 1880 1870 1916 Con-

464 1942 544 1980 cliis
585 1955 717 1986 unum,
748 1942 909 1978 alterum
934 1941 971 1976 in
1003 1939 1159 1983 Tonei0‚
1194 1939 1350 1975 tercium
1381 1939 1417 1975 in
1443 1939 1616 1986 Altineio,
1649 1953 1761 1989 quem
1792 1941 1871 1977 Ge-

468 2004 596 2042 roldus
626 2004 855 2041 Gastinellus
888 2003 934 2039 de
963 2015 1022 2038 me
1051 2002 1183 2038 tenuit.
1219 2003 1261 2036 In
1296 2000 1432 2051 Anglia
1467 2014 1583 2046 vero,
1619 2002 1657 2038 in
1691 2002 1871 2039 comitatu

468 2067 713 2117 Wigornemi
730 2098 738 2114 ,
762 2066 850 2102 dedi
870 2064 1114 2102 Alvintonam
1133 2093 1142 2110 ,
1171 2076 1254 2099 cum
1277 2063 1433 2099 ecclesia
1457 2062 1503 2099 de
1526 2063 1595 2099 liae
1619 2071 1655 2100 et
1680 2077 1763 2100 cum
1795 2071 1871 2100 tota

470 2127 607 2164 foresta
631 2141 713 2164 mea
744 2127 789 2163 de
816 2129 959 2176 Wyoe,
983 2135 1018 2162 et
1039 2138 1151 2161 omne
1180 2124 1281 2174 quod
1309 2124 1344 2161 in
1370 2137 1413 2161 ea
1443 2124 1583 2161 habere
1612 2125 1717 2175 potui
1747 2134 1873 2175 preter

470 2188 596 2226 haiam
624 2190 670 2227 (le
700 2190 876 2234 Beitone,
899 2198 935 2226 et
954 2189 991 2225 in
1012 2187 1191 2224 comitatu
1213 2187 1258 2223 de
1278 2186 1474 2223 Nortlisolc
1496 2200 1609 2223 unam
1637 2196 1871 2223 carrucatam

472 2259 569 2288 terre
589 2265 673 2287 cum
705 2251 880 2287 omnibus
901 2249 1136 2300 pertinentiis
1162 2249 1238 2285 suis
1262 2248 1300 2284 in
1328 2249 1417 2285 villa
1440 2248 1485 2285 ‹le
1503 2248 1715 2285 Caldecote.
1738 2251 1782 2284 Et
1803 2248 1873 2286 hec

472 2313 599 2349 omnia
638 2326 708 2364 ego
738 2313 923 2350 Radulfus
961 2312 996 2348 in
1037 2320 1257 2361 perpetuam
1297 2310 1541 2347 elemosinam
1588 2309 1675 2347 dedi
1711 2310 1869 2349 eisdem.

473 2376 597 2421 Quare
615 2375 702 2410 volo
723 2384 759 2411 ut
780 2374 939 2411 herede>
960 2373 1033 2409 mei
1052 2381 1183 2409 contra
1204 2385 1335 2408 omncs
1355 2380 1483 2422 gentes
1500 2384 1631 2408 omnes
1652 2371 1874 2408 donationes

476 2449 577 2472 meas
592 2436 809 2482 defendant,
826 2443 876 2481 et,
892 2435 920 2471 si
936 2435 1019 2484 quis
1033 2434 1214 2471 heredum
1236 2447 1404 2470 meorum
1421 2442 1550 2469 contra
1567 2433 1632 2469 lias
1654 2433 1874 2470 donationes

477 2511 578 2534 meas
609 2498 769 2535 voluerit
802 2498 957 2543 venire,
988 2496 1293 2533 maledictionem
1314 2496 1383 2532 Dei
1406 2504 1440 2532 et
1461 2496 1630 2532 omnium
1659 2505 1873 2533 sanctorum

475 2570 511 2599 et
541 2575 662 2598 meam
700 2562 880 2599 incurrat.
916 2561 1036 2608 Hujus
1064 2560 1276 2597 donationis
1314 2573 1397 2596 mee
1431 2568 1540 2597 testes
1578 2575 1585 2596 ε
1622 2563 1793 2611 Rogerus
1827 2559 1874 2595 de

519 2740 572 2786 (¹)
598 2740 652 2773 Cf.
672 2738 914 2781 Orde1·i‹r‚liv.
934 2750 973 2779 νς
995 2738 1053 2780 11,
1071 2739 1133 2771 401
1153 2745 1184 2770 et
1202 2737 1281 2771 402.
