<?xml version="1.0" encoding="UTF-8"?>
<!DOCTYPE html PUBLIC "-//W3C//DTD XHTML 1.0 Transitional//EN"
    "http://www.w3.org/TR/xhtml1/DTD/xhtml1-transitional.dtd">
<html xmlns="http://www.w3.org/1999/xhtml" xml:lang="en" lang="en">
 <head>
  <title>
</title>
<meta http-equiv="Content-Type" content="text/html;charset=utf-8" />
  <meta name='ocr-system' content='tesseract 3.04.00' />
  <meta name='ocr-capabilities' content='ocr_page ocr_carea ocr_par ocr_line ocrx_word'/>
</head>
<body>
  <div class='ocr_page' id='page_1' title='image "./ordericivitalish05ordeuoft/ordericivitalish05ordeuoft_0255.png"; bbox 0 0 2081 3408; ppageno 0'>
   <div class='ocr_carea' id='block_1_1' title="bbox 188 271 1577 323">
    <p class='ocr_par' dir='ltr' id='par_1_1' title="bbox 188 271 1577 323">
     <span class='ocr_line' id='line_1_1' title="bbox 188 271 1577 323; baseline -0.005 -12"><span class='ocrx_word' id='word_1_1' title='bbox 188 276 322 323; x_wconf 81' lang='grc'>[1141]</span> <span class='ocrx_word' id='word_1_2' title='bbox 569 274 710 309; x_wconf 82' lang='lat' dir='ltr'>LIBER</span> <span class='ocrx_word' id='word_1_3' title='bbox 736 272 936 308; x_wconf 88' lang='lat' dir='ltr'>TERTIUS</span> <span class='ocrx_word' id='word_1_4' title='bbox 967 271 1192 308; x_wconf 72' lang='lat' dir='ltr'>DECIMUS.</span> <span class='ocrx_word' id='word_1_5' title='bbox 1504 272 1577 305; x_wconf 77' lang='lat'>135</span> 
     </span>
    </p>
   </div>
   <div class='ocr_carea' id='block_1_2' title="bbox 174 356 1582 2786">
    <p class='ocr_par' dir='ltr' id='par_1_2' title="bbox 182 356 1580 953">
     <span class='ocr_line' id='line_1_2' title="bbox 186 356 1578 422; baseline -0.004 -15"><span class='ocrx_word' id='word_1_6' title='bbox 186 379 289 408; x_wconf 89' lang='lat' dir='ltr'>sum</span> <span class='ocrx_word' id='word_1_7' title='bbox 324 377 431 407; x_wconf 90' lang='lat' dir='ltr'>cum</span> <span class='ocrx_word' id='word_1_8' title='bbox 467 359 797 406; x_wconf 79' lang='lat' dir='ltr'>innocentibus</span> <span class='ocrx_word' id='word_1_9' title='bbox 832 357 1138 422; x_wconf 80' lang='lat' dir='ltr'><strong>possiderem.</strong></span> <span class='ocrx_word' id='word_1_10' title='bbox 1178 359 1426 402; x_wconf 79' lang='lat' dir='ltr'>Gratanter</span> <span class='ocrx_word' id='word_1_11' title='bbox 1461 356 1578 402; x_wconf 88' lang='lat' dir='ltr'>facta</span> 
     </span>
     <span class='ocr_line' id='line_1_3' title="bbox 186 434 1579 497; baseline -0.004 -15"><span class='ocrx_word' id='word_1_12' title='bbox 186 438 304 482; x_wconf 89' lang='lat' dir='ltr'>iuter</span> <span class='ocrx_word' id='word_1_13' title='bbox 334 453 409 482; x_wconf 90' lang='lat' dir='ltr'>me</span> <span class='ocrx_word' id='word_1_14' title='bbox 446 446 490 481; x_wconf 90' lang='lat' dir='ltr'>et</span> <span class='ocrx_word' id='word_1_15' title='bbox 527 445 594 493; x_wconf 85' lang='lat' dir='ltr'>te,</span> <span class='ocrx_word' id='word_1_16' title='bbox 620 436 828 497; x_wconf 80' lang='lat' dir='ltr'>genitore</span> <span class='ocrx_word' id='word_1_17' title='bbox 865 451 971 479; x_wconf 88' lang='lat' dir='ltr'>meo</span> <span class='ocrx_word' id='word_1_18' title='bbox 1010 434 1348 497; x_wconf 76' lang='lat' dir='ltr'>proloquente,</span> <span class='ocrx_word' id='word_1_19' title='bbox 1372 449 1579 478; x_wconf 84' lang='lat' dir='ltr'>conven-</span> 
     </span>
     <span class='ocr_line' id='line_1_4' title="bbox 185 512 1579 574; baseline -0.002 -16"><span class='ocrx_word' id='word_1_20' title='bbox 185 514 310 558; x_wconf 84' lang='lat' dir='ltr'>tione</span> <span class='ocrx_word' id='word_1_21' title='bbox 344 512 693 573; x_wconf 89' lang='lat' dir='ltr'>hujuscemodi,</span> <span class='ocrx_word' id='word_1_22' title='bbox 730 512 929 574; x_wconf 88' lang='lat' dir='ltr'>patriam</span> <span class='ocrx_word' id='word_1_23' title='bbox 966 520 1011 555; x_wconf 88' lang='lat' dir='ltr'>et</span> <span class='ocrx_word' id='word_1_24' title='bbox 1044 519 1257 572; x_wconf 84' lang='lat' dir='ltr'>parentes</span> <span class='ocrx_word' id='word_1_25' title='bbox 1294 526 1579 572; x_wconf 87' lang='lat' dir='ltr'>omnemque</span> 
     </span>
     <span class='ocr_line' id='line_1_5' title="bbox 184 587 1578 650; baseline -0.003 -15"><span class='ocrx_word' id='word_1_26' title='bbox 184 589 513 650; x_wconf 80' lang='lat' dir='ltr'>cognationem</span> <span class='ocrx_word' id='word_1_27' title='bbox 557 599 601 635; x_wconf 90' lang='lat' dir='ltr'>et</span> <span class='ocrx_word' id='word_1_28' title='bbox 631 599 770 634; x_wconf 91' lang='lat' dir='ltr'>notos</span> <span class='ocrx_word' id='word_1_29' title='bbox 804 598 847 633; x_wconf 83' lang='lat' dir='ltr'>et</span> <span class='ocrx_word' id='word_1_30' title='bbox 883 590 1058 634; x_wconf 88' lang='lat' dir='ltr'>amicos</span> <span class='ocrx_word' id='word_1_31' title='bbox 1091 587 1281 649; x_wconf 84' lang='lat' dir='ltr'>reliqui,</span> <span class='ocrx_word' id='word_1_32' title='bbox 1314 588 1395 649; x_wconf 84' lang='lat' dir='ltr'>qui</span> <span class='ocrx_word' id='word_1_33' title='bbox 1434 588 1578 649; x_wconf 87' lang='lat' dir='ltr'>lacry-</span> 
     </span>
     <span class='ocr_line' id='line_1_6' title="bbox 185 664 1580 728; baseline -0.001 -18"><span class='ocrx_word' id='word_1_34' title='bbox 185 675 363 712; x_wconf 81' lang='lat' dir='ltr'>mantes</span> <span class='ocrx_word' id='word_1_35' title='bbox 383 676 427 712; x_wconf 89' lang='lat' dir='ltr'>et</span> <span class='ocrx_word' id='word_1_36' title='bbox 451 667 701 712; x_wconf 89' lang='lat' dir='ltr'>salutantes</span> <span class='ocrx_word' id='word_1_37' title='bbox 732 665 944 727; x_wconf 79' lang='lat' dir='ltr'>benignis</span> <span class='ocrx_word' id='word_1_38' title='bbox 969 664 1185 728; x_wconf 84' lang='lat' dir='ltr'>precibus</span> <span class='ocrx_word' id='word_1_39' title='bbox 1220 664 1580 710; x_wconf 82' lang='lat' dir='ltr'>commendave-</span> 
     </span>
     <span class='ocr_line' id='line_1_7' title="bbox 183 741 1580 800; baseline -0.001 -12"><span class='ocrx_word' id='word_1_40' title='bbox 183 752 292 788; x_wconf 85' lang='lat' dir='ltr'>runt</span> <span class='ocrx_word' id='word_1_41' title='bbox 316 760 392 788; x_wconf 90' lang='lat' dir='ltr'>me</span> <span class='ocrx_word' id='word_1_42' title='bbox 417 743 524 800; x_wconf 87' lang='lat' dir='ltr'>tibi,</span> <span class='ocrx_word' id='word_1_43' title='bbox 550 760 577 787; x_wconf 94' lang='lat' dir='ltr'>o</span> <span class='ocrx_word' id='word_1_44' title='bbox 604 758 783 788; x_wconf 88' lang='lat' dir='ltr'>summe</span> <span class='ocrx_word' id='word_1_45' title='bbox 818 745 942 788; x_wconf 86' lang='lat' dir='ltr'>Deus</span> <span class='ocrx_word' id='word_1_46' title='bbox 981 742 1176 787; x_wconf 84' lang='lat' dir='ltr'>Adonai.</span> <span class='ocrx_word' id='word_1_47' title='bbox 1211 741 1458 786; x_wconf 87' lang='lat' dir='ltr'>Orationes</span> <span class='ocrx_word' id='word_1_48' title='bbox 1478 741 1580 786; x_wconf 92' lang='lat' dir='ltr'>illo-</span> 
     </span>
     <span class='ocr_line' id='line_1_8' title="bbox 183 817 1579 880; baseline -0.001 -17"><span class='ocrx_word' id='word_1_49' title='bbox 183 835 315 875; x_wconf 86' lang='lat' dir='ltr'>rum,</span> <span class='ocrx_word' id='word_1_50' title='bbox 348 834 530 880; x_wconf 70' lang='lat' dir='ltr'>qurcso,</span> <span class='ocrx_word' id='word_1_51' title='bbox 573 819 777 880; x_wconf 83' lang='lat' dir='ltr'>suscipe,</span> <span class='ocrx_word' id='word_1_52' title='bbox 818 827 863 862; x_wconf 85' lang='lat' dir='ltr'>et</span> <span class='ocrx_word' id='word_1_53' title='bbox 902 833 1005 879; x_wconf 85' lang='lat' dir='ltr'>quae</span> <span class='ocrx_word' id='word_1_54' title='bbox 1043 826 1349 879; x_wconf 84' lang='lat' dir='ltr'>optaverunt,</span> <span class='ocrx_word' id='word_1_55' title='bbox 1381 817 1455 878; x_wconf 91' lang='lat' dir='ltr'>pie</span> <span class='ocrx_word' id='word_1_56' title='bbox 1501 833 1579 862; x_wconf 81' lang='lat' dir='ltr'>rex</span> 
     </span>
     <span class='ocr_line' id='line_1_9' title="bbox 182 895 901 953; baseline -0.001 -13"><span class='ocrx_word' id='word_1_57' title='bbox 182 896 412 953; x_wconf 83' lang='lat' dir='ltr'>Sabaoth,</span> <span class='ocrx_word' id='word_1_58' title='bbox 440 895 694 942; x_wconf 86' lang='lat' dir='ltr'>clementer</span> <span class='ocrx_word' id='word_1_59' title='bbox 727 910 901 940; x_wconf 90' lang='lat' dir='ltr'>annue.</span> 
     </span>
    </p>

    <p class='ocr_par' dir='ltr' id='par_1_3' title="bbox 174 969 1582 2786">
     <span class='ocr_line' id='line_1_10' title="bbox 246 969 1577 1033; baseline -0.002 -16"><span class='ocrx_word' id='word_1_60' title='bbox 246 973 477 1017; x_wconf 87' lang='lat' dir='ltr'>Decennis</span> <span class='ocrx_word' id='word_1_61' title='bbox 524 973 680 1033; x_wconf 85' lang='lat' dir='ltr'>itaque</span> <span class='ocrx_word' id='word_1_62' title='bbox 719 970 1035 1015; x_wconf 89' lang='lat' dir='ltr'>Britannicum</span> <span class='ocrx_word' id='word_1_63' title='bbox 1086 985 1215 1015; x_wconf 88' lang='lat' dir='ltr'>mare</span> <span class='ocrx_word' id='word_1_64' title='bbox 1256 969 1577 1023; x_wconf 85' lang='lat' dir='ltr'>transfretavi,</span> 
     </span>
     <span class='ocr_line' id='line_1_11' title="bbox 182 1046 1580 1107; baseline -0.002 -14"><span class='ocrx_word' id='word_1_65' title='bbox 182 1048 286 1093; x_wconf 85' lang='lat' dir='ltr'>exul</span> <span class='ocrx_word' id='word_1_66' title='bbox 314 1049 358 1092; x_wconf 89' lang='lat' dir='ltr'>in</span> <span class='ocrx_word' id='word_1_67' title='bbox 386 1049 717 1093; x_wconf 84' lang='lat' dir='ltr'>Normanniam</span> <span class='ocrx_word' id='word_1_68' title='bbox 752 1047 880 1103; x_wconf 82' lang='lat' dir='ltr'>veni,</span> <span class='ocrx_word' id='word_1_69' title='bbox 904 1046 1083 1091; x_wconf 86' lang='lat' dir='ltr'>cunctis</span> <span class='ocrx_word' id='word_1_70' title='bbox 1119 1046 1306 1107; x_wconf 76' lang='lat' dir='ltr'>ignotus</span> <span class='ocrx_word' id='word_1_71' title='bbox 1342 1046 1580 1091; x_wconf 89' lang='lat' dir='ltr'>neminem</span> 
     </span>
     <span class='ocr_line' id='line_1_12' title="bbox 181 1122 1579 1186; baseline -0.003 -17"><span class='ocrx_word' id='word_1_72' title='bbox 181 1125 400 1186; x_wconf 83' lang='lat' dir='ltr'>cognovi.</span> <span class='ocrx_word' id='word_1_73' title='bbox 435 1125 687 1185; x_wconf 80' lang='lat' dir='ltr'>Linguam,</span> <span class='ocrx_word' id='word_1_74' title='bbox 715 1132 763 1167; x_wconf 90' lang='lat' dir='ltr'>ut</span> <span class='ocrx_word' id='word_1_75' title='bbox 788 1122 957 1184; x_wconf 78' lang='lat' dir='ltr'>Josepli</span> <span class='ocrx_word' id='word_1_76' title='bbox 990 1123 1036 1166; x_wconf 87' lang='lat' dir='ltr'>in</span> <span class='ocrx_word' id='word_1_77' title='bbox 1063 1125 1287 1184; x_wconf 67' lang='lat' dir='ltr'>AEgypto,</span> <span class='ocrx_word' id='word_1_78' title='bbox 1316 1137 1457 1181; x_wconf 83' lang='lat' dir='ltr'>quam</span> <span class='ocrx_word' id='word_1_79' title='bbox 1481 1138 1579 1166; x_wconf 87' lang='lat' dir='ltr'>non</span> 
     </span>
     <span class='ocr_line' id='line_1_13' title="bbox 182 1197 1581 1260; baseline -0.002 -15"><span class='ocrx_word' id='word_1_80' title='bbox 182 1215 404 1245; x_wconf 83' lang='lat' dir='ltr'>noveram</span> <span class='ocrx_word' id='word_1_81' title='bbox 440 1199 612 1245; x_wconf 83' lang='lat' dir='ltr'>audivi.</span> <span class='ocrx_word' id='word_1_82' title='bbox 649 1198 942 1260; x_wconf 82' lang='lat' dir='ltr'>Suffragante</span> <span class='ocrx_word' id='word_1_83' title='bbox 968 1207 1123 1242; x_wconf 88' lang='lat' dir='ltr'>tamen</span> <span class='ocrx_word' id='word_1_84' title='bbox 1153 1198 1298 1258; x_wconf 76' lang='lat' dir='ltr'>gratia</span> <span class='ocrx_word' id='word_1_85' title='bbox 1325 1207 1430 1254; x_wconf 88' lang='lat' dir='ltr'>tua,</span> <span class='ocrx_word' id='word_1_86' title='bbox 1460 1197 1581 1242; x_wconf 89' lang='lat' dir='ltr'>inter</span> 
     </span>
     <span class='ocr_line' id='line_1_14' title="bbox 181 1273 1580 1321; baseline -0.001 -1"><span class='ocrx_word' id='word_1_87' title='bbox 181 1285 363 1321; x_wconf 80' lang='lat' dir='ltr'>exteros</span> <span class='ocrx_word' id='word_1_88' title='bbox 395 1291 586 1321; x_wconf 89' lang='lat' dir='ltr'>omnem</span> <span class='ocrx_word' id='word_1_89' title='bbox 612 1274 1022 1319; x_wconf 85' lang='lat' dir='ltr'>mansuetudinem</span> <span class='ocrx_word' id='word_1_90' title='bbox 1047 1283 1093 1319; x_wconf 92' lang='lat' dir='ltr'>et</span> <span class='ocrx_word' id='word_1_91' title='bbox 1115 1273 1475 1319; x_wconf 82' lang='lat' dir='ltr'>familiaritatem</span> <span class='ocrx_word' id='word_1_92' title='bbox 1508 1289 1580 1318; x_wconf 89' lang='lat' dir='ltr'>re-</span> 
     </span>
     <span class='ocr_line' id='line_1_15' title="bbox 179 1349 1580 1414; baseline -0.001 -19"><span class='ocrx_word' id='word_1_93' title='bbox 179 1351 295 1414; x_wconf 89' lang='lat' dir='ltr'>peri.</span> <span class='ocrx_word' id='word_1_94' title='bbox 344 1356 375 1396; x_wconf 83' lang='grc' dir='ltr'>Α</span> <span class='ocrx_word' id='word_1_95' title='bbox 421 1350 674 1397; x_wconf 81' lang='lat' dir='ltr'>venerabili</span> <span class='ocrx_word' id='word_1_96' title='bbox 717 1351 940 1395; x_wconf 83' lang='lat' dir='ltr'>Mainerio</span> <span class='ocrx_word' id='word_1_97' title='bbox 985 1349 1155 1396; x_wconf 89' lang='lat' dir='ltr'>abbate</span> <span class='ocrx_word' id='word_1_98' title='bbox 1200 1350 1246 1394; x_wconf 90' lang='lat' dir='ltr'>in</span> <span class='ocrx_word' id='word_1_99' title='bbox 1294 1350 1580 1394; x_wconf 87' lang='lat' dir='ltr'>monasterio</span> 
     </span>
     <span class='ocr_line' id='line_1_16' title="bbox 181 1426 1582 1488; baseline -0.002 -15"><span class='ocrx_word' id='word_1_100' title='bbox 181 1428 402 1485; x_wconf 86' lang='lat' dir='ltr'>Uticensi,</span> <span class='ocrx_word' id='word_1_101' title='bbox 425 1446 470 1473; x_wconf 81' lang='lat' dir='ltr'>xi</span> <span class='ocrx_word' id='word_1_102' title='bbox 492 1428 635 1473; x_wconf 73' lang='lat' dir='ltr'>aetatis</span> <span class='ocrx_word' id='word_1_103' title='bbox 657 1443 769 1472; x_wconf 80' lang='lat' dir='ltr'>meae</span> <span class='ocrx_word' id='word_1_104' title='bbox 793 1443 938 1484; x_wconf 87' lang='lat' dir='ltr'>annO,</span> <span class='ocrx_word' id='word_1_105' title='bbox 957 1427 1016 1472; x_wconf 95' lang='lat' dir='ltr'>ad</span> <span class='ocrx_word' id='word_1_106' title='bbox 1032 1426 1369 1472; x_wconf 85' lang='lat' dir='ltr'>monachatum</span> <span class='ocrx_word' id='word_1_107' title='bbox 1396 1442 1582 1488; x_wconf 82' lang='lat' dir='ltr'>suscep-</span> 
     </span>
     <span class='ocr_line' id='line_1_17' title="bbox 180 1501 1577 1566; baseline -0.002 -18"><span class='ocrx_word' id='word_1_108' title='bbox 180 1513 251 1548; x_wconf 88' lang='lat' dir='ltr'>tus</span> <span class='ocrx_word' id='word_1_109' title='bbox 281 1521 407 1562; x_wconf 89' lang='lat' dir='ltr'>sum,</span> <span class='ocrx_word' id='word_1_110' title='bbox 440 1504 782 1566; x_wconf 89' lang='lat' dir='ltr'>undecimaque</span> <span class='ocrx_word' id='word_1_111' title='bbox 810 1502 1032 1548; x_wconf 81' lang='lat' dir='ltr'>kalendas</span> <span class='ocrx_word' id='word_1_112' title='bbox 1062 1502 1287 1557; x_wconf 88' lang='lat' dir='ltr'>octobris,</span> <span class='ocrx_word' id='word_1_113' title='bbox 1316 1501 1577 1558; x_wconf 89' lang='lat' dir='ltr'>dominico,</span> 
     </span>
     <span class='ocr_line' id='line_1_18' title="bbox 177 1577 1581 1640; baseline -0.003 -14"><span class='ocrx_word' id='word_1_114' title='bbox 177 1580 375 1626; x_wconf 86' lang='lat' dir='ltr'>clericali</span> <span class='ocrx_word' id='word_1_115' title='bbox 409 1582 500 1626; x_wconf 86' lang='lat' dir='ltr'>ritu</span> <span class='ocrx_word' id='word_1_116' title='bbox 533 1589 801 1626; x_wconf 87' lang='lat' dir='ltr'>tonsoratus</span> <span class='ocrx_word' id='word_1_117' title='bbox 832 1595 952 1624; x_wconf 90' lang='lat' dir='ltr'>sum.</span> <span class='ocrx_word' id='word_1_118' title='bbox 985 1582 1164 1624; x_wconf 86' lang='lat' dir='ltr'>Nomen</span> <span class='ocrx_word' id='word_1_119' title='bbox 1206 1594 1396 1640; x_wconf 85' lang='lat' dir='ltr'>quoque</span> <span class='ocrx_word' id='word_1_120' title='bbox 1419 1577 1581 1623; x_wconf 85' lang='lat' dir='ltr'>Vitalis</span> 
     </span>
     <span class='ocr_line' id='line_1_19' title="bbox 177 1653 1579 1719; baseline -0.003 -17"><span class='ocrx_word' id='word_1_121' title='bbox 177 1673 264 1719; x_wconf 90' lang='lat' dir='ltr'>pro</span> <span class='ocrx_word' id='word_1_122' title='bbox 317 1657 501 1719; x_wconf 85' lang='lat' dir='ltr'>anglico</span> <span class='ocrx_word' id='word_1_123' title='bbox 548 1657 816 1711; x_wconf 80' lang='lat' dir='ltr'>vocamine,</span> <span class='ocrx_word' id='word_1_124' title='bbox 859 1654 987 1716; x_wconf 89' lang='lat' dir='ltr'>quod</span> <span class='ocrx_word' id='word_1_125' title='bbox 1024 1654 1306 1699; x_wconf 90' lang='lat' dir='ltr'>Normannis</span> <span class='ocrx_word' id='word_1_126' title='bbox 1347 1653 1579 1699; x_wconf 85' lang='lat' dir='ltr'>absonum</span> 
     </span>
     <span class='ocr_line' id='line_1_20' title="bbox 177 1730 1580 1795; baseline -0.002 -17"><span class='ocrx_word' id='word_1_127' title='bbox 177 1732 471 1790; x_wconf 86' lang='lat' dir='ltr'>censebatur,</span> <span class='ocrx_word' id='word_1_128' title='bbox 498 1732 613 1778; x_wconf 80' lang='lat' dir='ltr'>mihi</span> <span class='ocrx_word' id='word_1_129' title='bbox 649 1732 926 1795; x_wconf 89' lang='lat' dir='ltr'>impositum</span> <span class='ocrx_word' id='word_1_130' title='bbox 958 1740 1043 1789; x_wconf 83' lang='lat' dir='ltr'>est,</span> <span class='ocrx_word' id='word_1_131' title='bbox 1071 1731 1202 1792; x_wconf 87' lang='lat' dir='ltr'>quod</span> <span class='ocrx_word' id='word_1_132' title='bbox 1225 1730 1284 1776; x_wconf 91' lang='lat' dir='ltr'>ab</span> <span class='ocrx_word' id='word_1_133' title='bbox 1318 1747 1413 1775; x_wconf 82' lang='lat' dir='ltr'>uno</span> <span class='ocrx_word' id='word_1_134' title='bbox 1442 1731 1580 1776; x_wconf 89' lang='lat' dir='ltr'>soda-</span> 
     </span>
     <span class='ocr_line' id='line_1_21' title="bbox 177 1808 1579 1870; baseline -0.002 -16"><span class='ocrx_word' id='word_1_135' title='bbox 177 1808 290 1854; x_wconf 85' lang='lat' dir='ltr'>lium</span> <span class='ocrx_word' id='word_1_136' title='bbox 314 1810 461 1855; x_wconf 87' lang='lat' dir='ltr'>sancti</span> <span class='ocrx_word' id='word_1_137' title='bbox 486 1809 696 1855; x_wconf 86' lang='lat' dir='ltr'>Mauricii</span> <span class='ocrx_word' id='word_1_138' title='bbox 720 1808 960 1870; x_wconf 87' lang='lat' dir='ltr'>martyris,</span> <span class='ocrx_word' id='word_1_139' title='bbox 985 1808 1118 1869; x_wconf 81' lang='lat' dir='ltr'>cujus</span> <span class='ocrx_word' id='word_1_140' title='bbox 1153 1817 1265 1852; x_wconf 92' lang='lat' dir='ltr'>tunc</span> <span class='ocrx_word' id='word_1_141' title='bbox 1303 1808 1579 1868; x_wconf 69' lang='lat' dir='ltr'>martyrium</span> 
     </span>
     <span class='ocr_line' id='line_1_22' title="bbox 177 1883 1578 1946; baseline -0.001 -16"><span class='ocrx_word' id='word_1_142' title='bbox 177 1885 524 1942; x_wconf 87' lang='lat' dir='ltr'>celebrabatur,</span> <span class='ocrx_word' id='word_1_143' title='bbox 572 1894 838 1930; x_wconf 89' lang='lat' dir='ltr'>mutuatum</span> <span class='ocrx_word' id='word_1_144' title='bbox 880 1893 963 1928; x_wconf 87' lang='lat' dir='ltr'>est.</span> <span class='ocrx_word' id='word_1_145' title='bbox 1024 1887 1074 1928; x_wconf 87' lang='lat' dir='ltr'>ln</span> <span class='ocrx_word' id='word_1_146' title='bbox 1123 1884 1313 1946; x_wconf 62' lang='lat' dir='ltr'>praefato</span> <span class='ocrx_word' id='word_1_147' title='bbox 1357 1883 1578 1928; x_wconf 86' lang='lat' dir='ltr'>coenobio</span> 
     </span>
     <span class='ocr_line' id='line_1_23' title="bbox 177 1961 1578 2019; baseline 0 -13"><span class='ocrx_word' id='word_1_148' title='bbox 177 1978 251 2006; x_wconf 79' lang='lat' dir='ltr'>Lvi</span> <span class='ocrx_word' id='word_1_149' title='bbox 275 1963 409 2007; x_wconf 83' lang='lat' dir='ltr'>annis</span> <span class='ocrx_word' id='word_1_150' title='bbox 427 1998 438 2019; x_wconf 90' lang='lat'>,</span> <span class='ocrx_word' id='word_1_151' title='bbox 466 1972 510 2007; x_wconf 89' lang='lat' dir='ltr'>te</span> <span class='ocrx_word' id='word_1_152' title='bbox 536 1962 735 2016; x_wconf 73' lang='lat' dir='ltr'>favente,</span> <span class='ocrx_word' id='word_1_153' title='bbox 762 1971 1063 2006; x_wconf 82' lang='lat' dir='ltr'>conversatus</span> <span class='ocrx_word' id='word_1_154' title='bbox 1098 1978 1200 2006; x_wconf 84' lang='lat' dir='ltr'>sum</span> <span class='ocrx_word' id='word_1_155' title='bbox 1219 1997 1229 2015; x_wconf 93' lang='lat'>,</span> <span class='ocrx_word' id='word_1_156' title='bbox 1257 1971 1301 2007; x_wconf 91' lang='lat' dir='ltr'>et</span> <span class='ocrx_word' id='word_1_157' title='bbox 1339 1978 1365 2006; x_wconf 87' lang='lat' dir='ltr'>a</span> <span class='ocrx_word' id='word_1_158' title='bbox 1399 1961 1578 2006; x_wconf 88' lang='lat' dir='ltr'>cunctis</span> 
     </span>
     <span class='ocr_line' id='line_1_24' title="bbox 178 2036 1577 2099; baseline 0 -18"><span class='ocrx_word' id='word_1_159' title='bbox 178 2037 395 2083; x_wconf 90' lang='lat' dir='ltr'>fratribus</span> <span class='ocrx_word' id='word_1_160' title='bbox 430 2048 474 2084; x_wconf 90' lang='lat' dir='ltr'>et</span> <span class='ocrx_word' id='word_1_161' title='bbox 504 2036 922 2083; x_wconf 84' lang='lat' dir='ltr'>contubernalibus</span> <span class='ocrx_word' id='word_1_162' title='bbox 956 2037 1104 2082; x_wconf 85' lang='lat' dir='ltr'>multo</span> <span class='ocrx_word' id='word_1_163' title='bbox 1131 2037 1234 2099; x_wconf 85' lang='lat' dir='ltr'>plus</span> <span class='ocrx_word' id='word_1_164' title='bbox 1258 2053 1401 2099; x_wconf 85' lang='lat' dir='ltr'>quam</span> <span class='ocrx_word' id='word_1_165' title='bbox 1428 2036 1577 2081; x_wconf 89' lang='lat' dir='ltr'>merui</span> 
     </span>
     <span class='ocr_line' id='line_1_25' title="bbox 177 2113 1577 2176; baseline -0.002 -16"><span class='ocrx_word' id='word_1_166' title='bbox 177 2126 359 2161; x_wconf 86' lang='lat' dir='ltr'>amatus</span> <span class='ocrx_word' id='word_1_167' title='bbox 379 2125 421 2161; x_wconf 90' lang='lat' dir='ltr'>et</span> <span class='ocrx_word' id='word_1_168' title='bbox 440 2115 700 2161; x_wconf 87' lang='lat' dir='ltr'>honoratus</span> <span class='ocrx_word' id='word_1_169' title='bbox 720 2131 840 2160; x_wconf 90' lang='lat' dir='ltr'>sum.</span> <span class='ocrx_word' id='word_1_170' title='bbox 866 2116 1019 2159; x_wconf 87' lang='lat' dir='ltr'>AEstus</span> <span class='ocrx_word' id='word_1_171' title='bbox 1039 2123 1083 2158; x_wconf 90' lang='lat' dir='ltr'>et</span> <span class='ocrx_word' id='word_1_172' title='bbox 1106 2113 1275 2174; x_wconf 85' lang='lat' dir='ltr'>frigora</span> <span class='ocrx_word' id='word_1_173' title='bbox 1293 2113 1577 2176; x_wconf 83' lang='lat' dir='ltr'>pondusque</span> 
     </span>
     <span class='ocr_line' id='line_1_26' title="bbox 176 2188 1574 2255; baseline -0.001 -19"><span class='ocrx_word' id='word_1_174' title='bbox 176 2192 268 2237; x_wconf 91' lang='lat' dir='ltr'>diei</span> <span class='ocrx_word' id='word_1_175' title='bbox 303 2208 547 2255; x_wconf 87' lang='lat' dir='ltr'>perpessus</span> <span class='ocrx_word' id='word_1_176' title='bbox 578 2193 623 2236; x_wconf 91' lang='lat' dir='ltr'>in</span> <span class='ocrx_word' id='word_1_177' title='bbox 662 2191 796 2236; x_wconf 63' lang='lat' dir='ltr'>vinea</span> <span class='ocrx_word' id='word_1_178' title='bbox 833 2189 1005 2235; x_wconf 86' lang='lat' dir='ltr'>Sorech</span> <span class='ocrx_word' id='word_1_179' title='bbox 1043 2190 1162 2233; x_wconf 85' lang='lat' dir='ltr'>inter</span> <span class='ocrx_word' id='word_1_180' title='bbox 1203 2199 1308 2234; x_wconf 91' lang='lat' dir='ltr'>tuos</span> <span class='ocrx_word' id='word_1_181' title='bbox 1345 2188 1574 2246; x_wconf 89' lang='lat' dir='ltr'>laboravi,</span> 
     </span>
     <span class='ocr_line' id='line_1_27' title="bbox 176 2264 1576 2330; baseline -0.002 -17"><span class='ocrx_word' id='word_1_182' title='bbox 176 2276 220 2312; x_wconf 87' lang='lat' dir='ltr'>et</span> <span class='ocrx_word' id='word_1_183' title='bbox 244 2268 490 2313; x_wconf 90' lang='lat' dir='ltr'>denarium</span> <span class='ocrx_word' id='word_1_184' title='bbox 510 2283 651 2330; x_wconf 86' lang='lat' dir='ltr'>quern</span> <span class='ocrx_word' id='word_1_185' title='bbox 676 2266 909 2329; x_wconf 78' lang='lat' dir='ltr'>pollicitus</span> <span class='ocrx_word' id='word_1_186' title='bbox 934 2282 1004 2323; x_wconf 83' lang='lat' dir='ltr'>eS,</span> <span class='ocrx_word' id='word_1_187' title='bbox 1031 2281 1246 2324; x_wconf 86' lang='lat' dir='ltr'>securus,</span> <span class='ocrx_word' id='word_1_188' title='bbox 1282 2266 1392 2327; x_wconf 81' lang='lat' dir='ltr'>quia</span> <span class='ocrx_word' id='word_1_189' title='bbox 1428 2264 1576 2310; x_wconf 84' lang='lat' dir='ltr'>fidelis</span> 
     </span>
     <span class='ocr_line' id='line_1_28' title="bbox 174 2342 1576 2408; baseline -0.001 -19"><span class='ocrx_word' id='word_1_190' title='bbox 174 2360 240 2397; x_wconf 87' lang='lat' dir='ltr'>es,</span> <span class='ocrx_word' id='word_1_191' title='bbox 265 2345 521 2408; x_wconf 84' lang='lat' dir='ltr'>expectavi.</span> <span class='ocrx_word' id='word_1_192' title='bbox 550 2345 637 2389; x_wconf 78' lang='lat' dir='ltr'>Sex</span> <span class='ocrx_word' id='word_1_193' title='bbox 658 2343 868 2400; x_wconf 86' lang='lat' dir='ltr'>abbates,</span> <span class='ocrx_word' id='word_1_194' title='bbox 889 2342 998 2404; x_wconf 86' lang='lat' dir='ltr'>quia</span> <span class='ocrx_word' id='word_1_195' title='bbox 1023 2342 1089 2386; x_wconf 90' lang='lat' dir='ltr'>tui</span> <span class='ocrx_word' id='word_1_196' title='bbox 1116 2342 1301 2387; x_wconf 83' lang='lat' dir='ltr'>suerunt</span> <span class='ocrx_word' id='word_1_197' title='bbox 1324 2343 1500 2398; x_wconf 83' lang='lat' dir='ltr'>vicarii,</span> <span class='ocrx_word' id='word_1_198' title='bbox 1525 2353 1576 2388; x_wconf 89' lang='lat' dir='ltr'>ut</span> 
     </span>
     <span class='ocr_line' id='line_1_29' title="bbox 176 2419 1573 2482; baseline -0.002 -17"><span class='ocrx_word' id='word_1_199' title='bbox 176 2429 331 2482; x_wconf 88' lang='lat' dir='ltr'>patres</span> <span class='ocrx_word' id='word_1_200' title='bbox 360 2429 404 2465; x_wconf 88' lang='lat' dir='ltr'>et</span> <span class='ocrx_word' id='word_1_201' title='bbox 427 2420 671 2482; x_wconf 86' lang='lat' dir='ltr'>magistros</span> <span class='ocrx_word' id='word_1_202' title='bbox 697 2419 920 2464; x_wconf 86' lang='lat' dir='ltr'>reveritus</span> <span class='ocrx_word' id='word_1_203' title='bbox 944 2434 1068 2475; x_wconf 90' lang='lat' dir='ltr'>sum,</span> <span class='ocrx_word' id='word_1_204' title='bbox 1093 2419 1371 2463; x_wconf 84' lang='lat' dir='ltr'>Mainerium</span> <span class='ocrx_word' id='word_1_205' title='bbox 1397 2428 1441 2463; x_wconf 87' lang='lat' dir='ltr'>et</span> <span class='ocrx_word' id='word_1_206' title='bbox 1467 2420 1573 2463; x_wconf 89' lang='lat' dir='ltr'>Ser-</span> 
     </span>
     <span class='ocr_line' id='line_1_30' title="bbox 175 2494 1570 2558; baseline -0.001 -18"><span class='ocrx_word' id='word_1_207' title='bbox 175 2495 362 2554; x_wconf 87' lang='lat' dir='ltr'>lonem,</span> <span class='ocrx_word' id='word_1_208' title='bbox 398 2497 647 2558; x_wconf 84' lang='lat' dir='ltr'>Rogerium</span> <span class='ocrx_word' id='word_1_209' title='bbox 685 2505 729 2540; x_wconf 88' lang='lat' dir='ltr'>et</span> <span class='ocrx_word' id='word_1_210' title='bbox 763 2495 1051 2552; x_wconf 83' lang='lat' dir='ltr'>Guarinum,</span> <span class='ocrx_word' id='word_1_211' title='bbox 1092 2494 1341 2539; x_wconf 84' lang='lat' dir='ltr'>Ricardum</span> <span class='ocrx_word' id='word_1_212' title='bbox 1373 2504 1418 2539; x_wconf 86' lang='lat' dir='ltr'>et</span> <span class='ocrx_word' id='word_1_213' title='bbox 1451 2498 1570 2539; x_wconf 85' lang='lat' dir='ltr'>Ran-</span> 
     </span>
     <span class='ocr_line' id='line_1_31' title="bbox 177 2570 1572 2636; baseline 0 -20"><span class='ocrx_word' id='word_1_214' title='bbox 177 2572 377 2617; x_wconf 88' lang='lat' dir='ltr'>nulfum.</span> <span class='ocrx_word' id='word_1_215' title='bbox 444 2573 520 2618; x_wconf 88' lang='lat' dir='ltr'>Isti</span> <span class='ocrx_word' id='word_1_216' title='bbox 575 2589 747 2636; x_wconf 87' lang='lat' dir='ltr'>nempe</span> <span class='ocrx_word' id='word_1_217' title='bbox 798 2570 1005 2616; x_wconf 88' lang='lat' dir='ltr'>Uticensi</span> <span class='ocrx_word' id='word_1_218' title='bbox 1059 2571 1312 2615; x_wconf 90' lang='lat' dir='ltr'>conventui</span> <span class='ocrx_word' id='word_1_219' title='bbox 1369 2570 1572 2632; x_wconf 83' lang='lat' dir='ltr'>legitime</span> 
     </span>
     <span class='ocr_line' id='line_1_32' title="bbox 177 2646 1571 2710; baseline -0.001 -17"><span class='ocrx_word' id='word_1_220' title='bbox 177 2648 486 2710; x_wconf 73' lang='lat' dir='ltr'>praefuerunt,</span> <span class='ocrx_word' id='word_1_221' title='bbox 514 2664 600 2710; x_wconf 88' lang='lat' dir='ltr'>pro</span> <span class='ocrx_word' id='word_1_222' title='bbox 636 2665 711 2693; x_wconf 89' lang='lat' dir='ltr'>me</span> <span class='ocrx_word' id='word_1_223' title='bbox 746 2657 790 2693; x_wconf 86' lang='lat' dir='ltr'>et</span> <span class='ocrx_word' id='word_1_224' title='bbox 827 2663 913 2710; x_wconf 83' lang='lat' dir='ltr'>pro</span> <span class='ocrx_word' id='word_1_225' title='bbox 949 2646 1049 2692; x_wconf 90' lang='lat' dir='ltr'>aliis</span> <span class='ocrx_word' id='word_1_226' title='bbox 1083 2656 1307 2708; x_wconf 82' lang='lat' dir='ltr'>tanquam</span> <span class='ocrx_word' id='word_1_227' title='bbox 1341 2647 1571 2692; x_wconf 87' lang='lat' dir='ltr'>rationem</span> 
     </span>
     <span class='ocr_line' id='line_1_33' title="bbox 175 2723 1572 2786; baseline -0.001 -19"><span class='ocrx_word' id='word_1_228' title='bbox 175 2723 403 2769; x_wconf 86' lang='lat' dir='ltr'>reddituri</span> <span class='ocrx_word' id='word_1_229' title='bbox 449 2724 782 2786; x_wconf 82' lang='lat' dir='ltr'>vigilaverunt,</span> <span class='ocrx_word' id='word_1_230' title='bbox 820 2725 943 2770; x_wconf 86' lang='lat' dir='ltr'>intus</span> <span class='ocrx_word' id='word_1_231' title='bbox 998 2731 1042 2767; x_wconf 89' lang='lat' dir='ltr'>et</span> <span class='ocrx_word' id='word_1_232' title='bbox 1085 2723 1283 2768; x_wconf 85' lang='lat' dir='ltr'>exterius</span> <span class='ocrx_word' id='word_1_233' title='bbox 1334 2723 1572 2768; x_wconf 84' lang='lat' dir='ltr'>solertiam</span> 
     </span>
    </p>
   </div>
  </div>
 </body>
</html>
