2081 3408
188 243 320 292 [1137]
570 243 713 278 LIBER
740 243 942 278 TERTIUS
970 241 1199 279 DECIMUS.
1535 240 1583 274 95

185 330 364 393 dapifer
399 340 522 387 erat⁷
561 340 700 391 atque
726 330 867 374 frusta
893 329 1105 374 carnium
1130 328 1366 373 asinorum
1395 343 1475 372 seu
1508 341 1582 371 ca-

184 424 297 452 num
325 408 514 470 singulis
539 407 861 453 distribuebat.

249 488 452 543 Interea,
495 484 716 530 Radulfus
749 484 1164 546 Jerosolymiimms
1203 482 1391 545 praesul,
1419 482 1580 528 audito

180 578 375 606 suorum
403 562 677 619 infortunio,
703 561 1000 606 contristatus
1027 570 1118 616 est,
1146 569 1190 604 et
1213 558 1412 621 qualiter
1432 558 1582 603 inclu-

181 639 240 682 sis
273 638 553 700 martyribus
585 638 898 693 auxiliaretur,
938 637 1082 682 multa
1114 653 1273 681 secum
1308 634 1578 692 revolvens,

182 716 430 762 meditatus
467 726 550 762 est.
594 719 642 761 ln
675 717 835 780 primis
874 715 1032 760 fideles
1068 714 1272 760 reclusos
1300 713 1380 775 qui
1408 713 1581 758 coelesti

181 792 370 839 theoriae
406 794 450 838 in
492 794 635 838 muris
670 792 923 839 Jerusalem
965 790 1270 837 intendebant
1298 790 1577 853 peragravit,

179 879 223 914 et
259 870 382 932 ipsos
420 879 465 915 et
502 887 665 914 onmes
704 869 818 915 alios
849 869 1196 929 Jerosolymitas
1236 877 1283 912 ut
1320 867 1581 913 Dominum

178 946 466 991 Salvator-em
502 947 715 991 omnium
743 964 829 1009 pro
867 945 1109 991 communi
1140 944 1286 989 salute
1320 944 1485 1006 popuii
1510 945 1580 989 sui

177 1025 395 1069 attentius
436 1034 703 1080 exorarent,
750 1023 1028 1068 obsec-imit.
1082 1020 1264 1066 Deinde
1301 1020 1494 1065 clericos
1536 1030 1580 1066 et

176 1099 320 1145 laicos
352 1101 515 1145 eadem
540 1101 854 1158 commonuit,
884 1109 929 1144 et
964 1097 1143 1143 eunctis
1174 1096 1445 1141 triduanum
1464 1096 1581 1157 jeju-

177 1177 308 1221 nium
338 1176 527 1232 indixit,
555 1192 641 1220 nec-
673 1175 826 1220 solnm
853 1174 1106 1231 matronis,
1134 1172 1216 1218 sed
1237 1172 1377 1217 etiam
1398 1172 1581 1218 infanti-

175 1252 263 1297 bus
287 1253 567 1314 etjumentis
594 1252 893 1298 afflictionem
923 1249 1266 1313 hujuscemodi,
1295 1265 1426 1294 more
1452 1249 1580 1294 Mni-

174 1330 398 1389 vitarum,
428 1330 667 1393 imposuit.
705 1330 899 1393 Expleto
925 1339 1081 1375 autem
1105 1327 1303 1373 libenter
1333 1337 1378 1372 et
1411 1327 1580 1373 devote

168 1408 365 1470 jejunio,
393 1408 450 1454 ad
477 1420 666 1472 portum
699 1410 838 1454 maris
868 1407 1129 1471 patriarcha
1160 1406 1382 1469 perrexit,
1413 1407 1573 1468 eique,

173 1485 303 1546 quod
333 1485 466 1530 valde
498 1486 852 1549 concupiverat,
870 1489 970 1530 Deo
996 1484 1205 1541 volente,
1225 1484 1443 1528 occurrit.

239 1564 453 1617 Quatuor
502 1562 629 1607 enim
682 1579 821 1607 naves
872 1561 1143 1606 hominibus
1193 1568 1386 1604 onustas
1433 1558 1577 1604 littori

173 1639 605 1701 appropinquantes
628 1639 685 1684 de
710 1640 848 1701 longe
863 1638 1014 1695 sidit,
1042 1648 1086 1683 et
1111 1654 1193 1701 per
1212 1637 1397 1697 signum
1425 1634 1579 1680 saluti-

168 1714 275 1760 ferae
296 1717 446 1761 crucis
472 1715 601 1779 quod
631 1716 677 1761 in
708 1716 868 1761 habitu
890 1733 1056 1761 eorum
1077 1716 1176 1760 visu
1203 1712 1578 1776 deprehenderat

171 1790 458 1838 Christianos
482 1809 579 1838 esse
602 1794 838 1855 coguovit.
869 1793 1092 1838 Gaudens
1119 1793 1258 1853 igitur
1278 1807 1358 1835 eos
1385 1789 1444 1834 ad
1474 1806 1577 1852 por-

171 1878 271 1913 tum
294 1870 578 1933 applicantes
598 1872 874 1933 expectavit,
906 1880 948 1915 et
976 1870 1034 1915 de
1059 1868 1255 1914 navibus
1287 1866 1576 1929 egredientes

170 1956 434 1991 reverenter
454 1946 684 1992 salutavit.
716 1946 974 1991 productos
999 1955 1154 1991 autem
1179 1945 1224 1988 in
1252 1943 1446 1987 liberam
1476 1941 1574 2004 pla·

171 2022 338 2067 niciem
375 2023 438 2068 sic
470 2023 598 2068 assari
636 2025 774 2086 coepit
810 2042 818 2068 z
858 2043 875 2066 α
922 2026 1040 2068 Vere
1074 2023 1198 2067 beati
1233 2031 1277 2066 et
1316 2020 1451 2065 amici
1490 2021 1575 2066 Dei

171 2100 277 2144 estis
296 2135 306 2154 ‚
337 2117 454 2162 quos
491 2111 540 2145 ut
572 2117 664 2145 suae
687 2099 988 2145 beatitudinis
1012 2099 1260 2162 participes
1285 2096 1575 2160 praestolatur

170 2177 299 2222 curia
321 2176 532 2222 coelestis.
563 2179 681 2221 Ecce
710 2176 823 2238 jam,
852 2176 886 2220 si
908 2177 1069 2237 flagrat
1095 2176 1139 2220 in
1165 2174 1299 2219 vobis
1325 2173 1439 2218 fides
1463 2173 1575 2217 inte-

171 2270 266 2316 gra,
288 2254 450 2299 eadem
470 2254 566 2299 sine
582 2253 727 2298 dubio
746 2253 878 2297 vobis
899 2253 1175 2315 propinatur
1192 2250 1397 2312 martyrii
1416 2266 1570 2306 causa,

169 2347 256 2392 pro
281 2347 372 2392 qua
391 2332 537 2376 sancti
565 2330 744 2375 aihteiae
770 2329 938 2374 Christi
965 2329 1191 2389 Georgius
1215 2337 1258 2372 et
1277 2326 1569 2385 Theodorus,

172 2409 433 2453 Demetrius
466 2417 509 2452 et
544 2407 863 2465 Sebastianus,
894 2416 1059 2452 contra
1099 2405 1343 2451 sathanam
1379 2405 1572 2467 ejusque

171 2483 388 2529 satellites
436 2484 671 2529 laboriose
714 2484 1085 2539 dimicaverunt,
1128 2483 1294 2528 acriter
1343 2491 1572 2528 certantes

171 2559 371 2621 gloriose
403 2570 762 2623 superaverunt,
800 2570 843 2605 et
874 2576 1128 2623 perennem
1153 2574 1380 2604 coronam
1404 2559 1569 2603 trium-

172 2636 368 2699 phantes
391 2653 417 2683 a
440 2654 547 2699 rege
573 2637 769 2683 sabaotb
792 2647 1091 2701 acceperuut.
1136 2636 1326 2688 Similis,
1351 2653 1459 2693 oro,
1482 2636 1572 2681 for-

172 2724 285 2760 tuna
308 2714 442 2760 vobis
460 2715 708 2761 comitetur
724 2751 735 2773 ‚
763 2731 849 2760 nec
875 2714 1034 2778 dispar
1060 2730 1236 2761 merces
1261 2730 1287 2759 a
1311 2716 1412 2759 Deo
1435 2711 1568 2757 vobis
