2081 3408
192 272 326 320 [1137]
578 271 720 308 LIBER
747 271 950 307 TERTIUS
978 268 1206 307 DECIMUS.
1543 270 1590 305 85

189 360 414 405 exercitus
441 358 653 406 turbatus
678 368 773 417 est,
800 367 843 403 et
872 356 1068 421 plurima
1099 373 1205 420 pars
1229 357 1494 421 principum
1517 356 1590 402 in-

189 435 386 480 salutato
423 452 530 497 rege
567 433 774 498 profecta
814 443 899 479 est.
938 436 1194 478 Ductorem
1228 449 1417 496 quoque
1452 449 1592 478 suum

191 528 480 574 unaqutrque
501 522 653 557 turma
674 510 897 555 clientum
920 519 1167 573 prosecuta
1191 519 1276 555 est.
1301 511 1394 555 Rex
1414 518 1590 568 autem,

189 605 298 634 cum
334 589 520 652 agmina
560 604 642 634 sua
681 588 780 633 siue
822 586 948 634 bello
990 586 1148 649 fugere
1194 587 1411 643 vidisset,
1453 586 1594 632 nimis

188 666 331 710 iratus
363 676 453 724 est,
490 675 535 710 et
569 665 828 710 desertores
864 680 1012 726 usque
1042 663 1101 708 ad
1138 667 1338 710 Pontem
1359 663 1592 710 Aldemari

189 741 460 787 festinanter
492 751 762 805 persecutus
799 750 881 786 est.
912 740 977 785 lbi
1000 743 1248 802 Hugonem
1281 740 1340 786 de
1372 742 1592 787 Gornaco

188 828 233 864 et
275 819 579 864 Guillelmum
619 819 842 880 juvenem
887 818 946 863 de
994 820 1245 863 Guareuna
1269 818 1340 880 (l)
1385 818 1595 881 aliosque

188 896 397 956 turgidos
421 896 741 942 adolescentes
765 895 988 952 detinuit,
1017 904 1061 939 et
1097 894 1353 940 terroribus
1376 911 1428 940 ac
1452 895 1596 940 blan-

188 971 407 1018 dimcntis
436 991 522 1036 pro
558 989 695 1036 posse
719 988 803 1016 suo
829 970 1033 1029 sedavit3
1070 971 1151 1016 sed
1177 971 1318 1017 livida
1352 972 1594 1018 vafrorum

189 1049 333 1094 corda
359 1049 642 1094 sufficienter
666 1047 910 1112 pacificare
935 1048 1159 1109 nequivit.
1185 1047 1336 1107 Unde,
1356 1059 1597 1112 suspectos

188 1142 275 1188 pro
308 1125 589 1188 quibusdam
617 1124 943 1170 occasionibus
977 1141 1056 1169 eos
1095 1123 1275 1169 liabens
1295 1162 1306 1184 ,
1335 1124 1394 1170 ad
1419 1124 1598 1171 bellum

188 1203 412 1248 reducere
441 1219 537 1247 non
581 1202 904 1265 praesumpsit3
948 1200 1056 1257 sed,
1079 1201 1255 1246 saniori
1294 1201 1519 1261 consilio,
1547 1212 1598 1248 ut

188 1279 471 1341 quibusdam
516 1279 667 1324 visum
719 1288 812 1338 est,
862 1279 1003 1331 inito,
1044 1278 1284 1324 biennales
1323 1279 1493 1325 trevias
1535 1278 1596 1326 ab

187 1355 401 1402 hostibus
424 1358 615 1420 accepit.
640 1359 796 1402 Mense
821 1356 1103 1419 igiturjulio,
1124 1357 1432 1419 tranquillitas
1450 1357 1595 1420 pacis,

189 1434 449 1496 opitulante
475 1438 598 1493 Deo,
627 1434 967 1481 Nornianniam
999 1433 1181 1479 refovit.
1220 1434 1415 1479 lnermis
1438 1433 1594 1497 plebs,

188 1527 291 1573 quae
316 1511 524 1574 dispersa
558 1512 728 1569 suerat,
757 1527 841 1557 sua
879 1511 1061 1573 tuguria
1087 1511 1292 1574 repetiit,
1321 1520 1365 1556 et
1393 1511 1600 1573 aliquan·

189 1589 267 1635 diu
307 1600 411 1654 post
447 1591 614 1636 nimias
643 1591 929 1637 tumultuum
973 1599 1268 1653 tempestates
1305 1590 1352 1635 in
1396 1599 1599 1652 egestate

189 1683 357 1729 magna
380 1667 528 1724 siluit,
554 1677 597 1712 et
616 1667 957 1730 aliquantulum
981 1667 1190 1711 securior
1213 1666 1405 1728 quievit.

254 1747 414 1790 xxxi.
464 1748 668 1804 Interea,
692 1747 926 1791 Guarinus
951 1744 1096 1789 abbas
1114 1744 1342 1789 Uticensis
1368 1744 1596 1802 ecclesiae,

190 1830 439 1883 postquam
477 1822 524 1866 in
562 1821 847 1868 monachatu
884 1838 992 1867 xan
1035 1823 1169 1866 annis
1205 1824 1305 1867 Deo
1349 1821 1594 1880 militavit,

187 1896 283 1957 jam
302 1914 355 1942 Lx
377 1908 419 1943 et
435 1916 483 1943 111
501 1915 650 1945 annos
665 1900 807 1945 {etatis
829 1899 1132 1958 suaebabens,
1150 1898 1342 1944 feliciter
1357 1898 1594 1944 occubuit.

193 1976 333 2032 Nam,
356 1991 451 2019 xvii
476 1975 698 2021 kalendas
716 1976 819 2037 julii
840 1978 933 2037 (2),
961 1976 1150 2021 missam
1174 1991 1312 2020 mane
1334 1983 1600 2020 reverenter

192 2053 420 2111 cantavit,
444 2052 681 2115 quendam
706 2053 979 2098 defunctum
1002 2052 1193 2098 militem
1222 2051 1454 2115 sepelivit,
1480 2052 1600 2115 ipso·

193 2141 284 2187 que
309 2125 384 2172 die
408 2128 452 2172 in
481 2127 651 2172 lectum
678 2127 876 2184 decidit,
905 2137 949 2173 et
974 2128 1184 2190 quinque
1211 2126 1378 2172 diebus
1402 2128 1601 2189 graviter

193 2206 452 2265 aegrotavit,
482 2206 786 2268 quotidieque
814 2207 998 2251 missam
1016 2242 1027 2262 ,
1051 2222 1192 2267 quam
1219 2222 1302 2269 per
1333 2222 1426 2251 xxx
1450 2221 1599 2251 annos

192 2281 478 2328 creberrime
504 2283 722 2329 sacerdos
752 2284 848 2346 ipse
873 2282 1216 2340 celebraverat,
1244 2292 1446 2345 aegrotus
1467 2281 1601 2328 audi-

196 2358 278 2402 vit.
311 2359 483 2404 Yidens
507 2360 662 2421 itaque
685 2360 808 2404 viam
829 2359 1052 2404 universae
1074 2360 1226 2405 carnis
1250 2376 1348 2405 sese
1368 2360 1601 2420 ingressu-

197 2450 330 2493 rum,
362 2436 478 2480 tanti
507 2436 684 2481 itineris
717 2436 936 2482 viaticum
975 2435 1173 2481 devotus
1209 2437 1423 2500 expetiit,
1448 2452 1502 2481 ac
1537 2434 1598 2481 ad

242 2632 289 2677 (l)
318 2633 444 2678 Hugue
473 2633 528 2665 ΙΙΙ
558 2631 600 2665 de
635 2632 806 2666 Gournai.
829 2651 874 2658 —-
903 2631 1101 2665 Guillaume
1126 2630 1168 2664 de
1197 2631 1380 2674 Varenue,
1411 2640 1525 2666 comte
1559 2628 1602 2663 de

198 2691 338 2737 Surrey.

243 2751 289 2797 (Ξ)
315 2751 362 2784 Le
380 2752 422 2784 15
437 2750 526 2796 juin.
