2081 3408
783 241 1067 278 APPENDICE.
1550 248 1617 282 151

278 330 365 363 774.
398 326 560 362 Karolus
583 329 741 363 Romam
770 326 900 372 vadit3
929 326 1018 363 inde
1037 341 1225 373 reversus,
1252 330 1401 379 Papiam
1422 332 1519 381 cepit
1538 345 1622 369 cum

221 401 310 438 rege
330 387 525 424 Desiderio
543 417 551 432 ,
573 388 689 437 captis
709 387 923 425 civitatibus·
943 397 978 425 et
1004 389 1158 439 direptis
1176 391 1361 428 universis
1381 393 1501 443 Italic.

277 451 363 486 776.
397 449 601 486 Conversio
622 452 828 488 Saxonum.

273 512 360 547 778.
393 511 558 547 Karolus
576 511 847 561 Pampiloniam
867 512 996 549 urbem
1016 512 1224 560 destruxit3
1246 516 1346 564 apud
1362 519 1622 567 Cesaraugus-

217 581 291 610 tam
304 573 510 609 exercitum
527 586 634 609 suum
651 573 866 619 conjunxit,
886 582 920 610 et
935 606 942 621 ‚
960 575 1121 624 acceptis
1134 575 1328 613 obsidibus
1340 577 1623 629 subjugatisque

217 635 430 672 Sarracenis
444 664 452 679 ,
471 648 540 684 per
558 634 772 671 Narbonam
793 644 829 672 et
844 636 1090 673 Vuasconiam
1102 639 1297 676 Franciam
1316 639 1438 677 rediit.
1457 641 1622 678 Karolus

215 696 253 733 in
274 697 457 747 Yspanias
478 697 644 734 intravit.
670 698 833 735 Karolus
854 699 1056 736 Saxoniam
1079 700 1195 738 venit.

270 760 356 797 780.
393 760 555 796 Saxonia
575 768 683 809 capta
705 768 771 798 est.

265 820 520 858 Guillebertus
540 822 827 871 Rotomagensis
846 822 1164 873 archiepiscopus.

267 885 355 921 781.
386 883 549 920 Karolus
570 886 728 919 Romam
750 883 868 919 vadit.

266 947 354 982 7853.
388 947 463 980 Leo
490 945 586 981 filius
616 945 848 981 Constantini
876 944 1038 994 imperat
1065 946 1172 982 annis
1204 961 1240 983 v,
1263 948 1504 1000 Witichingis
1533 964 1619 988 cum

211 1007 319 1044 sociis
340 1006 377 1042 in
398 1007 596 1043 Antiniaco
614 1006 790 1056 baptizati
811 1015 955 1056 partem
978 1007 1084 1056 regni
1105 1008 1163 1044 sui
1185 1009 1440 1048 contulerunt.

266 1072 351 1107 786.
388 1069 543 1118 Signum
572 1068 692 1105 crucis
722 1069 759 1104 in
781 1067 961 1104 vestibus.
991 1071 1132 1105 Iterum
1155 1071 1322 1107 Karolus
1342 1075 1501 1110 Romam
1524 1087 1618 1124 per-

208 1132 319 1170 rexit,
342 1131 489 1168 Deinde
513 1130 558 1166 ad
581 1134 756 1167 Sanctum
778 1131 1024 1167 Benedictum
1047 1140 1082 1167 et
1103 1134 1284 1181 Capuam.

260 1196 349 1231 787.
381 1193 646 1229 Constantinus
667 1205 751 1228 cum
771 1195 879 1228 Irene
896 1201 1014 1228 matre
1033 1205 1100 1229 sua
1121 1193 1296 1243 imperat.

259 1258 347 1291 788.
381 1253 545 1290 Karolus
562 1267 630 1303 per
650 1254 913 1290 Alemanniam
934 1255 1039 1290 venit
1056 1254 1105 1290 ad
1127 1256 1218 1292 fines
1238 1259 1442 1308 Bavuarie.

259 1319 345 1355 790.
379 1316 520 1352 Tassilo
543 1315 620 1352 dux
641 1316 743 1352 venit
762 1315 800 1351 in
822 1315 1033 1362 anciam,
1057 1325 1093 1353 et
1112 1318 1299 1355 Bavuaria
1321 1328 1430 1370 capta
1449 1329 1517 1360 est.

258 1381 345 1416 792.
388 1378 554 1414 Karolus
585 1377 708 1428 pergit
738 1378 776 1414 in
804 1378 956 1414 Sclavos
990 1378 1054 1427 qui
1091 1378 1269 1416 dicuntur
1300 1382 1414 1420 Vulti.
1455 1383 1617 1420 Sinodus

203 1441 299 1478 facta
340 1449 394 1477 est
433 1442 721 1476 Franconovurt
740 1469 748 1485 ‚
782 1439 1063 1488 presidentibus
1096 1442 1304 1492 apostolice¹
1342 1443 1441 1480 sedis
1484 1445 1617 1495 legatis

201 1502 423 1552 Teophilato
437 1511 473 1538 et
493 1502 684 1551 Stephano
705 1501 912 1551 episcopis,
937 1510 991 1546 et,
1011 1503 1234 1540 auctoritate
1254 1513 1468 1542 sanctorum
1483 1535 1492 1552 ,
1510 1507 1615 1543 Felix

201 1565 400 1616 episcopus
419 1595 427 1611 ,
448 1564 513 1614 qui
540 1564 818 1614 dogmatizabat
838 1563 1040 1601 Dominum
1063 1567 1191 1601 Jesum
1212 1579 1288 1602 non
1321 1567 1518 1616 proprium
1547 1568 1615 1606 sed

199 1627 421 1678 adoptivum
445 1627 515 1663 Dei
532 1640 613 1664 esse
634 1627 774 1673 filium,
798 1626 1024 1677 dampnatus
1046 1635 1100 1664 est
1122 1636 1159 1664 et
1176 1637 1362 1678 perpetuo
1385 1630 1500 1667 exilio
1520 1631 1612 1668 reli-

201 1699 323 1742 gatus.

254 1754 343 1791 793.
377 1751 541 1788 Karolus
564 1765 631 1788 rex
651 1754 898 1802 Hungrorum
920 1764 1080 1803 regnum
1099 1760 1235 1789 vastat.

255 1816 344 1850 796.
377 1815 454 1849 Leo
479 1826 590 1863 papa.

255 1877 342 1912 799.
374 1877 489 1925 Terre
518 1884 640 1911 motus
662 1888 820 1926 magnus
853 1875 970 1911 factus
990 1884 1067 1920 est,
1098 1876 1163 1924 qui
1194 1889 1290 1926 pene
1322 1886 1436 1914 totam
1462 1878 1608 1915 Italiam

199 1937 387 1974 concussit
419 1946 455 1973 et
479 1946 617 1973 tectum
639 1937 797 1987 ecclesie
818 1937 918 1974 beati
941 1938 1047 1974 Pauli
1068 1951 1154 1974 cum
1180 1939 1255 1975 suis
1277 1939 1446 1977 trabibus
1472 1954 1610 1991 magna

200 2013 247 2037 ex
268 2008 372 2050 parte
393 1999 539 2044 dejecit.

254 2064 342 2098 800.
375 2064 546 2097 Domnus
567 2061 733 2097 Karolus
755 2074 823 2098 rex
844 2060 1052 2109 imperator
1086 2062 1202 2098 factus
1232 2071 1286 2099 est
1321 2071 1357 2099 et
1383 2077 1403 2100 a
1429 2066 1608 2103 Romanis

199 2123 411 2174 appellatus
432 2131 487 2159 est
511 2126 724 2172 Augustus3
748 2122 814 2171 qui
834 2122 917 2158 illos
937 2123 1001 2170 qui
1024 2126 1190 2160 Leonem
1218 2137 1353 2174 papam
1383 2125 1609 2164 debonesta-

199 2194 331 2224 verant
346 2193 466 2221 morte
488 2184 707 2234 dampnavit
723 2200 732 2230 3
746 2184 811 2221 sed
825 2214 833 2229 ‚
851 2184 1025 2234 precibus
1041 2198 1139 2234 pape
1151 2215 1159 2230 ,
1184 2194 1303 2222 morte
1320 2186 1480 2234 indulta,
1493 2189 1606 2226 exilio

200 2248 370 2286 detrusit.
397 2250 481 2297 Ipse
499 2246 598 2283 enim
621 2259 717 2296 papa
739 2248 814 2282 Leo
834 2246 1101 2296 imperatorem
1121 2259 1207 2283 eum
1227 2256 1453 2284 sacraverat.

253 2312 341 2347 804.
372 2312 448 2346 Leo
466 2321 563 2358 papa
583 2308 620 2344 in
643 2307 835 2350 Franciam
860 2307 962 2344 venit
986 2316 1021 2344 et
1042 2308 1078 2343 in
1101 2308 1287 2345 Carisiaco
1310 2309 1397 2346 villa
1425 2311 1603 2350 nativita-

198 2381 271 2410 tem
297 2371 448 2408 Domini
470 2384 553 2407 cum
577 2370 721 2407 Karolo
741 2370 968 2420 imperatore
989 2370 1207 2407 celebravit..

252 2437 341 2471 805.
373 2433 634 2482 Nichephorus
656 2434 770 2469 frater
787 2436 896 2469 Irene
920 2433 1280 2482 Constantinopolim
1302 2434 1409 2485 regit.

251 2498 341 2534 808.
373 2496 566 2533 Transitus
581 2496 699 2532 sancti
720 2494 900 2545 Liudgcri
919 2495 1085 2545 episcopi
1101 2504 1136 2532 et
1153 2496 1396 2543 confessoris,
1415 2498 1600 2548 capellani

197 2559 314 2610 ipsius
336 2558 483 2596 Karoli.

252 2623 341 2659 810.
375 2620 540 2657 Kar-olus
576 2634 661 2657 cum
696 2620 899 2657 Nichesoro
931 2620 1158 2671 imperatore
1190 2621 1601 2673 Constantinopolitano

197 2696 327 2733 pacem
349 2682 450 2721 fecit.
