2081 3408
478 291 495 325 1
508 289 553 324 34
856 287 1081 324 HISTORIA
1109 287 1332 324 ECCLESIA
1339 286 1483 323 STICA.
1732 285 1866 336 [1141]

477 375 603 439 apud
657 373 972 434 Attingesham
1025 373 1284 436 baptizatus
1339 389 1466 430 sum,
1520 373 1600 434 qui
1638 374 1766 418 vicus
1820 373 1866 417 in

477 451 636 512 Anglia
675 451 787 494 situs
826 458 893 493 est
928 465 1068 511 super
1103 449 1350 495 Sabrinam
1384 450 1618 510 ingentem
1651 449 1863 494 fluvium.

477 529 543 573 lbi
579 543 663 589 per
699 525 1007 570 ministerium
1050 525 1234 570 Ordrici
1273 525 1529 588 presbyteri
1572 541 1627 570 ex
1664 541 1785 587 aqua
1824 534 1869 569 et

474 602 647 666 Spiritu
671 610 833 646 sancto
858 616 934 645 me
957 600 1261 662 regenerasti,
1285 610 1330 644 et
1354 600 1468 645 mihi
1490 600 1698 660 ejusdem
1721 616 1869 646 sacer-

475 679 621 736 dotis,
650 677 820 740 patrini
853 676 1025 721 scilicet
1055 678 1169 733 mei,
1202 692 1377 721 nomen
1413 675 1637 720 indidisti.
1666 677 1864 732 Deinde,

474 772 584 802 cum
608 756 817 817 quinque
852 770 1000 799 essem
1026 769 1278 810 annorum,
1306 751 1431 815 apud
1456 752 1623 797 urbem
1649 752 1869 798 Scrobes-

475 832 658 878 buriam
687 830 858 876 scholae
895 829 1091 875 traditus
1132 846 1263 886 sum,
1301 838 1347 874 et
1380 830 1531 890 prima
1566 827 1650 872 tibi
1688 829 1871 874 servitia

475 909 717 954 clericatus
742 906 892 952 obtuli
920 908 964 950 in
990 906 1178 951 basilica
1214 914 1487 950 sanctorum
1525 904 1646 948 Petri
1671 913 1717 948 et
1743 904 1869 950 Pauli

475 985 815 1049 apostolorum.
861 983 956 1029 Illic
992 982 1244 1044 Siguardus
1286 982 1478 1044 insignis
1512 980 1753 1044 presbyter
1788 999 1872 1045 per

477 1062 685 1123 quinque
733 1075 884 1105 annos
936 1059 1184 1104 carmentis
1242 1059 1509 1103 Nicostratae
1560 1057 1733 1102 litteras
1787 1057 1871 1101 do·-

477 1138 571 1183 cuit
605 1152 706 1193 me,
746 1152 799 1181 ac
838 1135 1027 1198 psalmis
1066 1145 1110 1180 et
1157 1135 1344 1196 hymnis
1377 1134 1571 1194 aliisque
1605 1134 1875 1179 necessariis

477 1211 863 1259 instructionibus
912 1212 1199 1274 mancipavit
1243 1226 1333 1255 me.
1386 1213 1567 1254 Interea
1605 1209 1873 1271 praedictam

477 1289 714 1334 basilicam
741 1304 881 1351 super
906 1287 1079 1332 Molam
1103 1288 1277 1331 ssumen
1303 1287 1461 1343 sitam,
1487 1302 1589 1347 quae
1614 1285 1758 1348 patris
1782 1287 1873 1331 mei

478 1373 596 1420 erat,
636 1363 916 1418 sublimasti,
954 1373 1000 1407 et
1046 1378 1128 1424 per
1168 1362 1295 1424 piam
1349 1361 1649 1406 devotionem
1692 1362 1875 1423 Rogerii

477 1441 661 1485 comitis
695 1439 959 1485 venerabile
994 1438 1265 1484 coenobium
1303 1438 1617 1482 construxisti.
1653 1439 1756 1481 Non
1790 1437 1874 1483 tibi

477 1518 673 1581 placuit,
695 1527 747 1562 ut
781 1517 872 1561 illic
896 1516 1071 1561 diutius
1105 1515 1376 1573 militarem,
1402 1530 1459 1559 ne
1482 1515 1602 1558 inter
1628 1523 1867 1576 parentes,

478 1595 556 1656 qui
583 1595 724 1639 servis
748 1594 836 1638 tuis
861 1593 1097 1638 multoties
1133 1593 1265 1636 oneri
1297 1601 1407 1636 sunt
1438 1601 1482 1636 et
1505 1591 1868 1653 impedimento,

478 1681 661 1733 paterer
698 1669 1098 1732 inquietudinem,
1124 1667 1194 1712 vel
1233 1667 1424 1729 aliquod
1459 1667 1792 1711 detrimentum
1824 1668 1869 1711 in

477 1748 807 1793 observatirme
832 1746 941 1806 legis
965 1755 1052 1790 tuce
1076 1761 1160 1808 per
1184 1755 1431 1807 parentum
1469 1744 1700 1789 carnalem
1733 1744 1870 1789 affec-

475 1834 577 1868 tum
603 1824 903 1868 incurrerem.
930 1822 1125 1878 lccirco,
1149 1821 1347 1881 gloriose
1371 1824 1519 1877 Deus,
1542 1821 1622 1881 qui
1641 1820 1872 1866 Abraham

476 1900 535 1944 de
559 1909 679 1944 terra
703 1901 939 1962 patrisque
961 1898 1106 1943 domo
1135 1907 1179 1942 et
1204 1898 1485 1958 cognatione
1509 1897 1663 1958 egredi
1679 1898 1869 1957 jussisti,

477 1976 747 2021 Odelerium
769 1986 947 2038 patrem
969 1991 1128 2019 meum
1146 1974 1377 2035 aspirasti,
1397 1983 1446 2017 ut
1474 1990 1548 2018 me
1573 1973 1657 2018 sibi
1690 1975 1873 2035 penitus

475 2053 713 2099 abdicaret
755 2063 799 2097 et
852 2052 933 2096 tihi
983 2051 1270 2095 omnimodis
1315 2050 1595 2112 subjugaret.
1648 2050 1872 2095 Rainaldo

474 2130 612 2191 igitur
652 2128 889 2174 monacho
930 2127 1121 2190 plorans
1146 2127 1408 2189 plorantem
1451 2144 1525 2171 me
1570 2125 1782 2180 tradidit,
1829 2136 1872 2171 et

474 2224 561 2269 pro
587 2224 746 2252 amore
770 2217 850 2252 tuo
870 2207 915 2250 in
935 2206 1124 2251 exilium
1148 2205 1417 2261 destinavit,
1443 2221 1528 2249 nec
1549 2221 1622 2249 me
1646 2220 1871 2265 umquam

473 2294 635 2346 postca
660 2285 790 2328 vidit.
823 2283 1030 2328 Paternis
1054 2299 1225 2344 nempe
1258 2283 1378 2326 votis
1413 2281 1605 2327 tenellus
1637 2297 1752 2342 puer
1786 2280 1871 2325 ol)-

471 2361 597 2405 viare
631 2378 726 2405 non
752 2360 1050 2423 proesumpsi,
1075 2358 1155 2404 sed
1190 2359 1235 2403 in
1273 2359 1493 2403 omnibus
1529 2358 1591 2402 illi
1628 2357 1750 2402 ultro
1788 2359 1870 2403 ad-

472 2440 652 2501 quievi,
691 2440 800 2502 qnia
836 2440 931 2502 ipse
973 2438 1088 2483 mihi
1129 2438 1384 2500 spopondit
1425 2454 1477 2482 ex
1517 2446 1646 2499 parte
1687 2453 1793 2491 sua,
1834 2439 1871 2482 si

472 2516 733 2560 monachus
760 2516 940 2568 fierem,
972 2514 1100 2576 quod
1134 2523 1239 2576 post
1263 2523 1463 2558 mortem
1501 2529 1652 2558 meam
1686 2513 1870 2575 paradi-

487 2711 527 2730 ur
552 2698 598 2729 tvs
622 2698 830 2742 principales
847 2699 1098 2730 circumstances
1116 2697 1159 2730 dc
1178 2697 1207 2729 la
1226 2697 1278 2728 xio
1302 2696 1495 2730 ‹l‘O1-dvric.
1523 2697 1619 2729 Nous
1643 2694 1868 2728 reviendrons

488 2770 529 2789 nr
546 2769 582 2789 ce
598 2758 684 2801 sujct
701 2756 786 2790 dans
802 2758 832 2790 la
850 2759 964 2789 Noeice
981 2758 1090 2802 jointe
1113 2759 1130 2789 a
1148 2764 1233 2789 cette
1257 2755 1400 2788 edition.
