2081 3408
476 289 548 323 '1⁹28
854 288 1083 325 HISTORIA
1113 288 1493 326 ECCLESIASTICA.
1590 291 1627 338 [⁹2
1650 288 1725 328 seb.
1750 290 1867 340 11-11]

475 376 654 423 mentiti
679 385 785 420 sunt
806 412 817 434 ,
855 377 1117 439 meritoque
1142 378 1315 440 perjuri
1343 387 1387 423 et
1411 377 1676 441 proditores
1700 379 1871 441 dijudi-

473 455 567 500 cari
594 461 806 516 possunt.
827 452 1154 499 Gualerannus
1168 465 1325 500 autem
1344 472 1503 501 comes
1527 466 1569 501 et
1597 456 1872 503 Guillelmus

474 531 531 576 de
566 532 821 575 Guarenna
861 529 1000 574 frater
1047 530 1167 590 ejus,
1214 531 1499 578 Gislebertus
1545 533 1603 579 de
1645 533 1779 579 Clara
1828 544 1873 579 et

473 606 548 652 alii
574 609 958 651 Normannorum
992 615 1132 667 atque
1158 608 1413 668 Anglorum
1437 609 1645 671 praeclari
1673 610 1869 672 equites,

476 692 520 728 111
557 684 757 746 primam
785 682 1032 728 cohortem
1068 683 1235 745 fugisse
1257 683 1502 743 viderunt,
1531 687 1676 731 territi
1703 696 1747 732 61
1787 687 1870 750 ipsi

474 770 601 821 terga
621 760 870 805 dederunt.
898 763 1042 805 Porro
1066 760 1320 806 Balduinus
1343 761 1402 806 (16
1428 761 1559 807 Clara
1583 773 1627 808 et
1652 764 1874 809 Ricardus

476 837 579 882 Ursi
614 836 763 897 filius,
798 837 1124 900 Engelrannus
1156 837 1214 883 de
1245 839 1350 884 Saia
1388 849 1433 884 et
1465 838 1660 886 libertus
1695 841 1753 886 de
1794 844 1875 887 La-

474 915 574 959 ceio
614 915 842 979 praelianti
890 917 985 976 regi
1035 915 1235 961 fideliter
1276 915 1597 974 adhaeserunt,
1637 927 1682 962 et
1730 935 1875 980 usque

475 991 535 1037 ad
560 991 873 1038 defectionem
906 992 1098 1038 viriliter
1117 1009 1224 1038 cum
1242 992 1320 1038 illo
1347 1003 1659 1039 certaverunt.
1687 994 1876 1057 Stepha-

477 1085 564 1114 nus
585 1079 743 1115 autem
763 1087 860 1129 rex,
888 1070 1076 1115 fortium
1103 1080 1293 1115 actuum
1312 1080 1660 1116 antecessorum
1680 1087 1875 1116 suorum

477 1164 676 1205 memor,
696 1148 876 1194 fortiter
904 1147 1158 1205 dimicavit,
1181 1157 1241 1205 et,
1265 1147 1472 1210 quandiu
1502 1159 1591 1194 tres
1611 1165 1769 1194 secum
1789 1166 1877 1212 pu-

477 1224 588 1285 giles
618 1224 800 1285 habuit,
833 1242 945 1270 ense
968 1224 1041 1270 vel
1065 1226 1214 1270 securi
1240 1225 1400 1270 norica
1427 1242 1572 1288 quam
1595 1226 1788 1287 quidam
1813 1225 1877 1271 illi

471 1301 656 1363 juvenis
696 1301 759 1347 ibi
807 1302 1230 1358 administraverat,
1274 1319 1483 1365 pugnare
1520 1320 1615 1348 non
1658 1303 1871 1348 cessavit.

476 1379 710 1437 Tandem,
749 1380 893 1425 fessus
921 1390 967 1425 et
999 1379 1058 1425 al)
1083 1378 1306 1424 omnibus
1332 1379 1606 1438 derelictus,
1639 1379 1878 1425 Rodherto

478 1457 641 1502 comiti
665 1457 958 1502 consobrino
984 1474 1068 1502 5110
1095 1473 1142 1502 56
1177 1457 1437 1514 commisit,
1465 1466 1509 1502 et
1537 1466 1700 1519 captus
1724 1466 1807 1515 est,
1835 1466 1879 1502 61

480 1532 539 1578 al)
564 1533 733 1579 eodem
771 1534 912 1597 paulo
938 1543 1045 1597 post
1069 1533 1280 1579 Mathildi
1304 1533 1548 1579 comitissa».
1578 1533 1761 1578 oblatus
1790 1543 1874 1578 est.

479 1610 553 1654 Sic
571 1611 633 1655 sic
651 1621 870 1673 vergente,
891 1610 1432 1668 1011111111101111011111116,
1449 1610 1506 1655 de
1521 1610 1638 1655 solio
1656 1611 1785 1672 regni
1802 1627 1879 1655 rex

479 1688 789 1750 praecipitatus
818 1698 902 1747 est,
928 1698 970 1733 et
998 1688 1044 1732 in
1067 1688 1243 1748 ingenti
1262 1688 1526 1732 munitione
1548 1686 1761 1731 Brihstou
1790 1687 1828 1747 (4
1844 1686 1876 1747 ),

479 1780 669 1824 gemens
703 1774 748 1810 et
783 1767 948 1822 miser,
976 1762 1281 1827 prohdolor!
1321 1765 1635 1809 incarceratus
1667 1773 1751 1808 est.
1782 1764 1880 1809 Bal—

479 1842 650 1888 dninus
675 1860 787 1888 vero
812 1844 870 1888 de
897 1844 1029 1888 Clara
1058 1843 1292 1905 ceterique
1317 1842 1525 1905 praeclari
1558 1842 1732 1886 tirones
1761 1857 1880 1902 quos

478 1935 586 1965 cum
632 1936 738 1981 rege
785 1920 880 1965 dixi
923 1918 1220 1965 descendisse
1269 1929 1314 1963 et
1359 1919 1602 1980 insigniter
1651 1933 1880 1981 pugnasse

478 1994 600 2056 capti
626 2003 750 2038 sunt.

544 2069 828 2115 Praecedenti
848 2079 1003 2127 nocte,
1026 2069 1140 2114 dum
1164 2068 1296 2132 plebs
1320 2070 1405 2114 Dei
1432 2068 1606 2132 vigilias
1627 2069 1673 2114 in
1698 2068 1881 2115 honore

482 2147 679 2209 Virginis
704 2147 864 2192 matris
890 2146 1161 2205 celebraret,
1188 2156 1231 2191 61
1254 2147 1591 2192 matutinorum
1617 2146 1880 2207 generalem

479 2227 688 2287 synaxim
713 2225 1024 2271 ecclesiastico
1049 2226 1139 2270 ritu
1175 2224 1572 2270 solemnisandam
1597 2233 1878 2286 expectaret,

479 2302 525 2346 in
554 2302 762 2347 occiduis
799 2302 1034 2365 partibus,
1063 2302 1109 2347 in
1148 2301 1298 2347 Gallia
1321 2301 1495 2347 56111661
1525 2317 1578 2346 ac
1615 2300 1877 2357 Britannia,

481 2378 651 2423 nimius
676 2379 827 2424 imber
851 2378 1092 2441 grandinis
1117 2388 1162 2424 et
1197 2378 1364 2442 pluvia)
1388 2378 1532 2423 iactus
1564 2387 1647 2434 est,
1684 2387 1745 2435 61,
1772 2394 1881 2422 611111

480 2455 654 2516 ingenti
698 2456 1049 2516 coruscatione,
1078 2456 1281 2518 mugitus
1314 2454 1532 2501 terribilis
1565 2454 1757 2499 tonitrui
1798 2470 1881 2500 au-

479 2535 604 2580 ditus
629 2546 712 2581 651.

530 2781 578 2829 (1)
603 2782 743 2816 Bristol.
