2081 3408
764 288 1025 324 APPENDIX.
1516 287 1585 322 201

200 376 362 415 viderint
391 373 593 425 expedire,
629 387 696 410 nec
727 375 865 425 poterit
901 375 998 412 idem
1031 374 1199 425 Nigellus
1232 374 1291 411 vel
1322 373 1481 411 heredes
1513 373 1592 421 ejus

199 438 333 476 milites
354 438 413 474 vel
433 437 526 474 alios
545 436 716 473 homines
737 436 903 484 ejusdem
923 437 1013 473 ville
1032 437 1077 473 ad
1098 437 1187 473 alias
1207 436 1496 473 consuetudines
1517 444 1592 472 tra-

199 500 290 537 here
320 512 432 549 quam
466 498 512 536 ad
543 511 604 536 eas
636 511 728 548 quas
761 498 806 535 de
833 498 919 544 jure
951 498 1137 535 debebant
1172 498 1296 535 abbati
1334 506 1370 534 et
1401 497 1592 534 monachis

197 561 311 598 sancti
336 560 478 598 Ebrulfi
503 561 645 605 facere,
673 560 762 609 quin
787 559 903 597 abbas
931 569 966 597 er
993 561 1187 606 monachi,
1210 561 1239 597 si
1272 561 1475 596 clamorem
1503 560 1591 596 inde

197 623 376 669 fecerint,
399 621 587 669 justiciam
610 634 724 672 super
745 634 831 658 eum
856 622 991 658 saciant
1023 622 1059 658 in
1087 622 1149 658 illa
1171 622 1260 658 villa
1286 621 1404 658 donec
1423 635 1590 672 congrue

196 684 430 722 emendetur.
463 684 640 721 Similiter
670 692 706 721 et
742 697 811 733 pro
838 684 1012 720 omnibus
1043 684 1219 720 forifactis
1246 683 1328 720 aliis
1359 692 1396 720 et
1423 684 1591 720 emendis

195 745 312 796 ipsius
340 745 474 796 Nigelli
499 759 631 782 versus
654 744 826 782 abbatem
861 754 898 782 et
927 745 1114 795 predictos
1144 746 1346 782 monachos
1366 748 1432 791 (1).
1464 745 1590 791 Quare

196 808 284 845 volo
304 816 340 845 et
360 808 516 845 firmiter
532 808 702 858 precipio
719 816 758 844 ut
783 807 995 858 supradicta
1017 808 1142 843 onmia
1167 807 1214 843 ab
1237 816 1393 856 utraque
1416 816 1520 857 parte
1539 808 1590 844 ita

195 870 347 921 pacifice
371 878 407 907 et
427 869 553 919 quiete
577 877 774 906 teneantur
796 869 889 906 sicut
914 882 1080 919 unquam
1103 869 1237 919 aliquis
1259 869 1374 906 homo
1394 869 1527 906 melius
1555 880 1591 908 et

195 932 507 969 honorificencius
532 931 578 967 de
599 943 658 967 me
682 931 825 980 aliquid
855 931 985 968 tenuit.
1018 930 1187 967 Testibus
1219 944 1277 968 nie
1303 931 1400 981 ipso,
1429 932 1590 970 Ricardo

194 994 388 1031 Baiocensi
425 1002 461 1030 et
494 993 664 1030 Johanne
701 992 925 1030 Lexoviensi
962 992 1168 1042 episcopis,
1198 1001 1233 1030 et
1266 993 1413 1043 Nigello
1444 993 1489 1030 de
1521 994 1588 1030 Al·-

194 1055 360 1106 bigneio‚
385 1054 497 1104 Apud
520 1054 740 1092 Cadomum.

249 1119 420 1155 Chartul.
443 1119 481 1154 S.
504 1115 670 1162 Ebrulsi,
694 1123 716 1155 t,
745 1118 782 1162 I,
804 1128 843 1153 n.
868 1117 930 1152 19.

240 1288 292 1335 (l)
316 1289 412 1323 Nous
432 1288 567 1321 savions
589 1301 652 1334 par
673 1287 820 1322 Orderic
847 1288 887 1332 (l.
908 1299 967 1328 1113
986 1287 1040 1329 ΙΙ,
1075 1286 1137 1332 33)
1165 1298 1230 1331 que
1253 1287 1380 1332 Peglise
1398 1287 1440 1320 de
1460 1288 1585 1332 cullei,

191 1343 417 1389 aujourd'hui
435 1342 681 1390 Rabodanges,
699 1344 787 1377 avait
804 1345 855 1376 6ῖὸ
873 1342 1010 1375 (Ιοῃῃὸθ
1025 1355 1091 1375 aux
1109 1342 1239 1374 moines
1257 1341 1299 1375 de
1319 1342 1586 1386 Saint-Evroul‚

191 1408 224 1432 et
241 1408 327 1432 cette
343 1402 578 1433 circonstance
596 1400 685 1432 avait
702 1400 759 1432 fait
777 1411 946 1444 supposer
961 1402 976 1431 a
994 1399 1045 1431 M.
1064 1398 1110 1430 Le
1128 1399 1268 1431 Prevost
1286 1399 1343 1442 (V,
1366 1399 1399 1442 8)
1423 1410 1489 1442 que
1505 1407 1590 1432 cette

191 1456 342 1502 paroisse
359 1456 437 1489 etait
454 1456 485 1489 la
507 1455 616 1500 patrie
633 1455 676 1488 de
693 1456 822 1489 Robert
843 1454 884 1488 de
906 1455 1033 1496 Calli—i,
1061 1456 1261 1487 surnomme
1287 1453 1434 1495 Burdet,
1452 1455 1510 1498 qui
1531 1454 1589 1487 de-

191 1512 264 1545 vint
281 1525 323 1545 en
344 1513 445 1554 1128,
462 1512 580 1558 prince
599 1511 641 1545 de
657 1513 868 1557 Tarragonc.
885 1513 932 1544 La
951 1512 1148 1556 conjecture
1163 1509 1204 1543 (16
1220 1519 1319 1543 notre
1336 1519 1453 1543 savant
1471 1512 1590 1544 maitre

190 1581 234 1602 ne
251 1568 374 1601 saurait
392 1571 461 1601 &tre
477 1568 595 1614 l’objet
606 1567 653 1601 du
666 1567 825 1600 moindrc
839 1567 956 1608 doute,
971 1566 1093 1612 depuis
1107 1566 1234 1611 qu'une
1248 1566 1364 1599 charte
1375 1565 1416 1598 de
1432 1566 1538 1598 Henri
1554 1568 1589 1600 II

190 1625 278 1669 (vers
297 1626 309 1657 1
324 1624 399 1669 168)
418 1637 506 1657 nous
522 1637 540 1656 a
557 1626 693 1657 montre
710 1636 774 1668 que
796 1625 826 1656 la
847 1624 973 1656 familie
989 1621 1117 1655 Burdet
1133 1621 1291 1655 florissait
1304 1634 1427 1654 encore
1445 1625 1462 1654 a
1479 1622 1589 1655 Cullei

191 1679 276 1713 dans
299 1681 330 1712 la
347 1679 496 1712 seconde
522 1679 640 1712 moitie
662 1678 709 1712 du
729 1687 789 1712 ime
813 1679 925 1712 siecle.
947 1678 1049 1711 Voici
1069 1679 1099 1710 16
1123 1690 1262 1723 passage
1281 1677 1339 1721 qui
1359 1686 1425 1710 met
1442 1678 1523 1710 hors
1545 1677 1588 1712 de

190 1734 419 1767 contestation
441 1746 478 1767 ce
494 1734 614 1779 point,
633 1734 691 1778 qui
708 1734 904 1767 n'interesse
930 1746 990 1779 pas
1015 1733 1128 1766 moins
1144 1734 1325 1779 l’Espagne
1350 1746 1415 1778 que
1439 1734 1470 1766 la
1495 1735 1587 1766 Nor-

192 1790 350 1825 mandie:
374 1804 388 1823 α
412 1791 568 1824 Preterea
584 1791 696 1824 sciatis
713 1790 806 1834 quod
833 1789 1003 1823 Ricardus
1024 1789 1149 1822 Bordet
1173 1790 1375 1835 recognovit
1398 1802 1514 1822 coram
1535 1803 1588 1823 me

190 1846 307 1879 abbati
325 1855 355 1879 et
374 1847 554 1879 monachis
570 1847 677 1880 sancti
700 1847 835 1879 Ebrulfi
859 1846 1075 1879 dominatum
1095 1846 1206 1879 tocius
1230 1846 1308 1879 ville
1327 1845 1368 1878 de
1392 1846 1531 1878 Cueleio
1555 1855 1588 1880 et

190 1902 368 1934 ecclesiam
386 1901 540 1945 ejusdem
567 1914 646 1934 cum
671 1903 832 1935 omnibus
854 1902 1069 1948 pertinentiis
1093 1902 1178 1942 suis,
1199 1910 1306 1934 totam
1324 1901 1493 1933 decimam
1511 1915 1586 1947 gar-

189 1958 332 1999 barum,
353 1958 427 1999 lini,
448 1959 568 1991 canabi
585 1967 615 1990 et
631 1959 847 2003 leguminum
868 1968 898 1991 et
917 1957 1108 1991 molendini
1126 1957 1278 2003 ejusdem
1299 1958 1390 1998 ville,
1411 1966 1441 1990 et
1459 1957 1587 1991 dimisit

190 2013 237 2046 eis
253 2013 418 2058 quicquid
441 2014 526 2059 juris
547 2013 751 2046 *vendicabat
776 2023 808 2046 et
830 2014 997 2046 clamabat
1018 2014 1052 2045 in
1073 2013 1201 2045 eisdem
1223 2012 1363 2045 decimis
1390 2022 1421 2045 et
1449 2014 1585 2046 strami-

189 2069 293 2102 nibus
310 2078 339 2102 et
357 2069 513 2102 custodia
537 2081 668 2103 earum.
688 2069 836 2102 Predicti
853 2082 933 2102 vcro
947 2070 1051 2102 abbas
1067 2078 1097 2101 et
1117 2069 1275 2101 monachi
1290 2077 1490 2113 receperunt
1507 2081 1585 2102 eum

190 2134 219 2158 et
238 2125 437 2158 Bernerium
457 2125 565 2157 filium
586 2137 685 2157 suum
703 2125 738 2157 in
759 2124 882 2157 ordine
906 2137 966 2157 suo
985 2133 1016 2157 et
1037 2132 1239 2165 monacatu‚
1261 2123 1386 2155 intuitu
1403 2123 1536 2168 pietatis
1553 2133 1585 2158 et

190 2193 331 2227 precum
348 2193 501 2214 mearum
522 2181 729 2215 interventu,
758 2192 773 2212 ›)
797 2180 946 2213 Charml.
963 2183 996 2211 S.
1017 2178 1160 2223 Ebrulfi‚
1179 2188 1201 2212 t.
1222 2180 1256 2219 Ι,
1278 2192 1312 2213 n.
1340 2180 1395 2213 21.
