2081 3408
195 261 330 311 [1137]
576 261 720 296 LIBER
749 261 950 297 TERTIUS
984 259 1212 298 DECIMUS.
1547 261 1596 297 87

190 348 429 409 ligiosum‚
470 348 725 393 facundum
770 358 815 393 et
854 348 1066 412 pluribus
1111 349 1247 394 bonis
1286 359 1426 412 atque
1461 349 1596 396 claris

190 424 548 470 charismatibus
566 425 863 470 instructum.
890 424 967 470 llle
986 425 1175 488 quidem
1195 426 1363 472 absens
1377 436 1490 485 erat,
1510 444 1596 473 nec

187 500 235 545 in
260 501 336 546 illa
360 501 590 546 concione
609 501 812 563 aliquem
832 502 918 546 sibi
941 503 1346 563 consanguinitate
1372 503 1596 564 conjunc-

188 586 287 622 tum
339 578 561 623 babebat.
610 578 732 623 Mhi!
784 578 1054 640 hujusmodi
1111 579 1455 643 suspicabatur,
1498 580 1594 626 imo

188 655 430 700 rusticanis
454 655 694 700 laboribus
714 656 759 700 in
784 655 941 718 Angiia
965 672 1051 718 pro
1079 657 1266 701 servitio
1293 656 1486 702 fratrum
1506 673 1596 702 an-

186 732 394 794 gebatur.
435 734 548 777 Nam
574 731 682 776 illuc
708 748 731 777 a
757 749 841 777 suo
867 731 1037 777 abbate
1064 732 1159 793 jam
1188 733 1370 795 pridem
1393 733 1595 779 directus

186 809 333 853 fuerat
355 845 365 866 ⁷
401 818 445 853 et
479 808 808 853 ecclesiasticas
834 825 904 853 res
929 808 1103 853 ibidem
1124 809 1222 869 jam
1248 826 1326 854 sex
1357 809 1596 855 mensibus

185 885 430 946 diligenter
456 894 747 930 tractaverat.
779 885 997 930 Notitiam
1023 885 1198 948 quippe
1227 886 1416 947 anglica),
1447 887 1594 948 gentis

186 971 230 1006 et
250 961 447 1023 loquelze
476 961 701 1017 babebat,
731 970 891 1024 utpote
915 961 994 1023 qui
1021 960 1113 1005 fere
1139 979 1216 1006 xm
1241 963 1374 1007 annis
1399 964 1594 1009 canoni-

183 1055 264 1083 cus
287 1041 592 1099 Legrecestrae
628 1038 800 1095 suerat,
829 1047 873 1082 et
906 1037 952 1081 in
987 1037 1114 1082 curia
1141 1037 1364 1083 Bodberti
1389 1040 1594 1086 consulis

184 1116 242 1161 (le
273 1117 490 1161 Mellento
512 1125 619 1160 ante
640 1116 1000 1160 conversionem
1033 1115 1114 1160 diu
1144 1126 1464 1162 commoratus
1496 1118 1593 1163 sue-

184 1202 281 1251 rat,
306 1208 650 1254 causarumque
687 1208 855 1237 censor
894 1201 938 1236 et
977 1207 1258 1237 arcanorum
1284 1193 1501 1239 conscius
1540 1211 1594 1240 ac

180 1268 225 1313 in
253 1268 445 1330 agendis
472 1268 610 1314 rebus
638 1268 874 1314 familiaris
897 1268 1191 1315 consiiiarius
1216 1270 1442 1333 pollebat.
1483 1274 1591 1316 Haec,

181 1355 225 1390 et
260 1345 348 1390 alia
384 1345 631 1408 probitatis
669 1345 840 1391 indicia
881 1346 1144 1408 rectorique
1177 1363 1386 1409 congrua
1425 1364 1594 1393 mona-

179 1421 254 1466 chi
289 1421 666 1478 considerantes,
707 1422 913 1468 eundem
939 1422 997 1468 acl
1025 1422 1228 1468 ecclesiae
1255 1424 1461 1486 regimen
1498 1425 1590 1470 ele-

179 1508 367 1560 gerunt,
402 1509 445 1544 et
486 1499 634 1544 electo
674 1499 939 1562 Stephanus
988 1516 1066 1545 rex
1123 1500 1317 1563 ejusque
1368 1517 1589 1564 proceres

179 1575 417 1637 suffragati
437 1586 563 1621 sunt.

243 1653 482 1698 Uticenses
519 1652 789 1709 coenobitae,
818 1653 1064 1699 didascalis
1100 1664 1144 1699 et
1185 1656 1447 1701 rectoribus
1495 1656 1588 1701 suis

178 1746 362 1793 semper
386 1729 484 1787 fidi,
511 1729 667 1775 album
690 1730 892 1794 lapidem
909 1742 1170 1794 posuerunt
1193 1749 1332 1796 super
1352 1732 1589 1778 tumulum

177 1807 434 1852 venerandi
458 1807 641 1853 abbatis
666 1808 884 1865 Guarini,
911 1825 1050 1872 super
1075 1826 1216 1871 quem
1245 1810 1582 1873 sculpendum⁷

179 1882 241 1928 ob
273 1900 482 1928 amorem
508 1883 663 1929 dilecti
696 1885 939 1946 quondam
966 1885 1138 1931 sodalis
1164 1887 1279 1944 mei,
1308 1897 1472 1950 postea
1506 1902 1586 1948 pa-

180 1958 288 2017 tris,
315 1959 407 2004 hoc
431 1959 725 2022 epitaphium
750 1960 904 2006 edidi:

318 2072 390 2105 Hac
407 2072 535 2117 tegitur
550 2081 646 2118 petra
661 2072 810 2105 Guarini
827 2085 974 2118 corpus,
992 2081 1024 2106 et
1043 2085 1135 2115 ossa,

316 2131 385 2172 Qui
405 2140 524 2176 quater
540 2131 688 2165 undenis
705 2131 797 2164 Utici
814 2132 1006 2164 monachus
1027 2132 1092 2165 fuit
1110 2133 1221 2165 annis.

318 2190 476 2223 Certator
495 2190 592 2223 fortis
609 2195 730 2225 contra
748 2190 935 2223 tentamina
953 2190 1083 2234 carnis,

180 2386 231 2419 vie
259 2387 491 2431 monastique,
512 2386 534 2419 il
552 2387 641 2420 avait
669 2387 726 2420 fait
746 2387 874 2432 partie,
902 2385 1055 2431 pendant
1081 2386 1165 2419 seize
1188 2399 1267 2428 ans,
1295 2386 1342 2420 du
1365 2387 1522 2432 chapitre
1541 2386 1585 2420 de

177 2446 365 2479 cbanoines
394 2446 552 2480 seculiers
573 2448 695 2492 appele
722 2445 1146 2488 Narve-Damedes-Pres,
1170 2455 1323 2479 attenant
1349 2449 1366 2478 a
1389 2447 1420 2478 ia
1440 2446 1518 2478 ville
1542 2445 1585 2479 de

179 2504 360 2546 Leicesttw,
382 2514 413 2538 et
436 2506 495 2549 qui
523 2506 572 2538 fut
599 2506 754 2539 converti
778 2518 819 2538 en
846 2506 979 2551 abbaye
996 2517 1057 2550 par
1082 2506 1111 2537 le
1132 2514 1244 2538 comte
1261 2505 1392 2537 Robert
1414 2506 1444 2537 le
1462 2505 1583 2545 Bossu,

177 2576 219 2596 en
240 2565 341 2598 1143.
363 2564 409 2596 Ce
426 2564 583 2609 cliapitre
603 2566 692 2598 avait
710 2567 761 2597 ett'·
780 2564 885 2598 fonde
903 2577 965 2608 par
983 2564 1113 2596 Robert
1126 2590 1133 2603 ‚
1152 2573 1263 2596 comte
1284 2563 1327 2596 (le
1344 2565 1485 2596 Moutan
1498 2590 1506 2605 ,
1521 2576 1582 2597 son

178 2626 271 2668 pere.
292 2624 355 2655 Les
374 2632 512 2656 auteurs
528 2623 576 2655 dn
597 2624 702 2656 Callia
720 2624 897 2656 christiana
911 2625 1107 2668 presentent
1124 2622 1278 2656 Richard
1295 2635 1431 2656 comme
1445 2623 1585 2668 Anglais

178 2680 220 2713 de
235 2682 424 2715 naissance.
445 2683 492 2715 Le
509 2691 598 2715 texte
614 2682 657 2716 de
678 2692 776 2716 notre
793 2691 916 2715 auteur
935 2695 1023 2715 nous
1040 2684 1148 2728 parait
1170 2683 1298 2715 refuter
1315 2682 1584 2728 completement

176 2748 262 2773 cette
277 2741 441 2774 assertion
457 2741 634 2775 hasardee.
