2081 3408
465 297 541 335 200
1032 295 1292 331 APPENDIX.

1133 556 1203 598 lx.

978 709 1124 739 CHARTA
1154 707 1305 737 HENRICI
1335 708 1361 737 1.

1075 819 1275 854 (1107-1135.)

524 955 571 990 H.
607 952 677 989 Dei
702 952 821 1003 gratia
852 965 918 990 rex
949 952 1082 1004 Anglie
1117 960 1153 990 et
1185 951 1263 989 dux
1289 951 1521 989 Normannie
1555 950 1871 1001 archiepiscopis,

469 1013 676 1064 episcopis,
698 1013 896 1051 abbatibus
910 1044 918 1060 ,
941 1014 1164 1061 comitibus,
1186 1013 1472 1051 vicecomitibus
1486 1043 1495 1060 ‚
1514 1013 1742 1060 baronibus,
1762 1012 1874 1058 justi-

471 1076 557 1123 ciis,
587 1075 759 1122 ballivis,
781 1076 960 1113 ministris
981 1085 1016 1113 et
1039 1076 1215 1113 omnibus
1237 1075 1408 1112 fidelibus
1436 1076 1527 1123 suis,
1552 1075 1723 1112 salutem.
1748 1074 1877 1112 Sciatis

471 1150 547 1184 me,
569 1137 616 1174 ad
639 1137 860 1187 petitionem
884 1137 1009 1174 dilecti
1030 1147 1066 1174 et
1086 1138 1205 1174 {idelis
1231 1138 1303 1174 mei
1321 1138 1456 1187 Nigelli
1478 1137 1525 1174 de
1546 1136 1761 1187 AlbigneiO,
1783 1149 1878 1172 con-

471 1199 626 1236 cessisse
664 1208 700 1236 et
728 1200 895 1249 presenti
928 1209 1031 1237 carta
1069 1213 1152 1236 mea
1190 1200 1432 1236 confirmasse
1463 1198 1590 1235 abbati
1618 1208 1653 1235 et
1684 1197 1878 1234 monachis

473 1261 589 1298 sancti
615 1259 760 1296 Ebrulfi
789 1260 880 1298 duas
906 1271 1031 1312 partes
1069 1262 1188 1298 tocius
1220 1261 1366 1298 decime
1401 1260 1447 1297 de
1476 1261 1643 1306 Villaris,
1675 1259 1877 1310 garbarum

472 1322 671 1369 videlicet,
690 1322 776 1369 lini,
800 1322 931 1360 canabi
953 1332 989 1360 et
1009 1323 1243 1373 leguminum
1267 1331 1304 1360 et
1327 1332 1496 1359 ortorum
1528 1332 1563 1359 et
1582 1324 1771 1358 fructuum
1794 1335 1879 1357 om-

473 1385 579 1422 nium
613 1384 864 1434 virgultorum
900 1385 1068 1431 ejusdem
1094 1385 1183 1422 ville
1219 1395 1254 1421 et
1282 1385 1453 1421 omnium
1486 1385 1532 1421 de
1562 1384 1700 1433 quibus
1734 1384 1880 1420 decima

469 1446 570 1494 jtlste
602 1446 685 1482 dari
709 1445 834 1491 debet,
857 1446 1052 1483 habendas
1080 1456 1116 1483 et
1139 1446 1383 1496 possidendas
1416 1446 1462 1483 de
1482 1445 1584 1482 ‹lono
1614 1454 1649 1483 et
1681 1445 1881 1495 largitione

475 1508 633 1558 predicti
665 1508 803 1559 Nigelli
839 1522 999 1558 meaque
1036 1509 1276 1545 concessione
1308 1517 1343 1545 et
1367 1507 1652 1544 confirmatione
1677 1507 1714 1543 in
1743 1519 1881 1556 perpe-

476 1577 603 1615 tuam,
637 1569 795 1606 liberam
825 1578 862 1606 et
894 1570 1060 1618 quietam
1090 1571 1356 1615 elemosinam,
1378 1570 1428 1607 ita
1458 1569 1559 1619 quod
1589 1569 1635 1606 de
1665 1582 1709 1605 ea
1740 1568 1882 1605 nemini

476 1640 603 1682 preter
623 1635 745 1669 Deum
767 1632 969 1669 servicium
998 1633 1151 1682 aliquod
1176 1633 1299 1669 facere
1325 1632 1566 1669 tenebuntur.
1591 1630 1765 1669 Concedo
1795 1644 1882 1680 pre-

477 1701 581 1730 terea
607 1702 642 1730 et
663 1694 829 1743 presenti
849 1704 950 1731 carta
973 1708 1057 1732 mea
1078 1696 1261 1731 confirmo
1286 1694 1439 1745 prefatis
1470 1693 1595 1730 abbati
1624 1702 1660 1730 et
1689 1693 1882 1730 monachis

477 1754 725 1805 subscriptam
757 1757 1046 1794 conventionem
1076 1757 1173 1793 inter
1204 1770 1268 1793 eos
1289 1766 1325 1793 et
1357 1770 1445 1807 sepe
1475 1756 1616 1792 dictum
1636 1755 1825 1806 Nigellum
1845 1755 1881 1792 in

477 1817 671 1866 presencia
706 1830 788 1854 mea
822 1818 956 1855 factam
995 1832 1109 1869 super
1143 1819 1233 1854 villa
1271 1832 1346 1867 que
1378 1818 1562 1855 Culleium
1597 1817 1732 1853 dicitur
1771 1830 1886 1866 super

477 1878 628 1916 Olnam.
652 1881 927 1916 Concesserunt
949 1894 1114 1929 namque
1144 1880 1243 1916 idem
1275 1880 1391 1916 abbas
1416 1889 1451 1916 et
1473 1879 1649 1916 monachi
1678 1887 1885 1915 memorato

477 1939 626 1989 Nigello
648 1940 829 1989 quicquid
850 1940 1040 1978 habebant
1060 1942 1097 1978 in
1120 1941 1336 1991 supradicta
1355 1941 1466 1987 villa,
1494 1954 1606 1990 quam
1628 1940 1674 1977 de
1694 1939 1793 1976 dono
1814 1940 1886 1976 do-

478 2002 667 2039 minorum
681 2002 761 2051 [de]
774 2003 1049 2040 Grentemesnil
1063 2005 1115 2050 (1)
1131 2003 1167 2039 in
1183 2003 1387 2040 elemosina
1406 2002 1661 2052 possidebant,
1682 2002 1887 2038 tenendum

479 2063 526 2101 de
563 2064 653 2114 ipsis
685 2063 822 2101 abbate
855 2073 890 2101 et
921 2065 1114 2101 monachis
1138 2065 1175 2101 in
1210 2065 1361 2101 feodum
1385 2073 1419 2101 et
1441 2064 1705 2109 hereditatem,
1731 2072 1887 2113 excepta

480 2125 637 2163 ecclesia
669 2140 754 2162 cum
783 2126 930 2164 duabus
964 2127 1135 2163 omnium
1164 2126 1395 2163 decimarum
1423 2139 1576 2163 suarum
1598 2134 1633 2162 et
1653 2124 1888 2162 molendino-

479 2200 563 2224 rum
580 2187 748 2234 cjusdem
769 2188 859 2224 ville
872 2188 1057 2238 partibus,
1079 2188 1129 2225 ita
1147 2188 1247 2237 quod
1270 2202 1337 2238 per
1355 2201 1486 2224 eorum
1503 2199 1654 2223 manum
1677 2195 1712 2223 et
1732 2186 1888 2223 submo-

478 2248 663 2286 nitionem
699 2249 900 2286 servicium
937 2249 1048 2286 unius
1082 2249 1207 2285 militis
1243 2249 1346 2298 quod
1379 2248 1467 2285 inde
1499 2251 1553 2295 (2)
1583 2247 1696 2283 michi
1730 2247 1890 2284 debetur

480 2310 589 2348 faciet
628 2311 795 2361 prefatus
831 2310 998 2362 Nigellus
1030 2311 1067 2347 in
1105 2312 1197 2348 meis
1225 2311 1389 2361 negociis
1421 2319 1457 2347 et
1481 2309 1729 2355 exercitibus,
1757 2318 1793 2345 et
1820 2323 1890 2360 pro

481 2372 738 2410 relevamento
775 2381 873 2409 terre
905 2380 942 2408 et
977 2373 1167 2423 regalibus
1200 2373 1366 2410 serviciis
1400 2381 1436 2409 et
1463 2372 1559 2408 taliis
1591 2371 1738 2408 abbatie
1773 2367 1890 2409 sancti

481 2433 625 2470 Ebrulfi
647 2448 667 2471 a
696 2448 756 2472 me
776 2434 837 2471 vcl
860 2433 1066 2471 heredibus
1092 2435 1184 2471 meis
1204 2434 1411 2479 concessis,
1434 2433 1558 2469 licebit
1587 2434 1741 2482 prefatis
1765 2433 1890 2472 abbati

483 2505 521 2533 et
554 2497 746 2534 monachis
782 2497 821 2534 in
855 2497 988 2534 eadem
1013 2497 1104 2534 villa
1124 2497 1313 2544 justiciam
1339 2510 1443 2533 suam
1471 2495 1593 2533 facere
1616 2496 1795 2544 quociens
1819 2494 1890 2531 sibi

1836 2603 1880 2610 ..-

532 2671 579 2717 (1)
607 2673 653 2705 Le
670 2684 734 2705 ms.
755 2681 854 2718 porte
875 2673 1098 2708 Gretesmenil.

532 2727 580 2774 (2)
608 2729 775 2761 Peut-etre
793 2728 849 2764 ibi.
